
    <marc:record>
        <marc:leader>05115cam a2200553 i 4500</marc:leader>
        <marc:controlfield tag="001">1195596473</marc:controlfield>
        <marc:controlfield tag="008">200914t20202020waua    obm  s000 0 eng c</marc:controlfield>
        <marc:controlfield tag="006">m     o  d s      </marc:controlfield>
        <marc:controlfield tag="005">20220427143319.8</marc:controlfield>
        <marc:controlfield tag="007">cr ||||||||||</marc:controlfield>
        <marc:datafield tag="040" ind1=" " ind2=" ">
            <marc:subfield code="a">WAU</marc:subfield>
            <marc:subfield code="b">eng</marc:subfield>
            <marc:subfield code="e">rda</marc:subfield>
            <marc:subfield code="e">pn</marc:subfield>
            <marc:subfield code="c">WAU</marc:subfield>
            <marc:subfield code="d">WAU</marc:subfield>
            <marc:subfield code="d">OCLCO</marc:subfield>
            <marc:subfield code="d">OCLCF</marc:subfield>
            <marc:subfield code="d">WAU</marc:subfield>
            <marc:subfield code="d">OCL</marc:subfield>
            <marc:subfield code="d">OCLCO</marc:subfield>
        </marc:datafield>
        <marc:datafield tag="042" ind1=" " ind2=" ">
            <marc:subfield code="a">pcc</marc:subfield>
        </marc:datafield>
        <marc:datafield tag="100" ind1="1" ind2=" ">
            <marc:subfield code="a">Abdirad, Hamid,</marc:subfield>
            <marc:subfield code="e">author.</marc:subfield>
            <marc:subfield code="1">http://www.wikidata.org/entity/Q101242292</marc:subfield>
        </marc:datafield>
        <marc:datafield tag="245" ind1="1" ind2="0">
            <marc:subfield code="a">Developing digital project delivery routines around frequent disruptions :</marc:subfield>
            <marc:subfield code="b">how do AEC organizations respond to disruptive information exchange requirements? /</marc:subfield>
            <marc:subfield code="c">Hamid Abdirad.</marc:subfield>
        </marc:datafield>
        <marc:datafield tag="264" ind1=" " ind2="1">
            <marc:subfield code="a">[Seattle] :</marc:subfield>
            <marc:subfield code="b">[University of Washington Libraries],</marc:subfield>
            <marc:subfield code="c">[2020]</marc:subfield>
        </marc:datafield>
        <marc:datafield tag="264" ind1=" " ind2="4">
            <marc:subfield code="c">©2020</marc:subfield>
        </marc:datafield>
        <marc:datafield tag="300" ind1=" " ind2=" ">
            <marc:subfield code="a">1 online resource (ix, 146 pages) :</marc:subfield>
            <marc:subfield code="b">illustrations (some color)</marc:subfield>
        </marc:datafield>
        <marc:datafield tag="336" ind1=" " ind2=" ">
            <marc:subfield code="a">text</marc:subfield>
            <marc:subfield code="b">txt</marc:subfield>
            <marc:subfield code="2">rdacontent</marc:subfield>
        </marc:datafield>
        <marc:datafield tag="337" ind1=" " ind2=" ">
            <marc:subfield code="a">computer</marc:subfield>
            <marc:subfield code="b">c</marc:subfield>
            <marc:subfield code="2">rdamedia</marc:subfield>
        </marc:datafield>
        <marc:datafield tag="338" ind1=" " ind2=" ">
            <marc:subfield code="a">online resource</marc:subfield>
            <marc:subfield code="b">cr</marc:subfield>
            <marc:subfield code="2">rdacarrier</marc:subfield>
        </marc:datafield>
        <marc:datafield tag="347" ind1=" " ind2=" ">
            <marc:subfield code="a">text file</marc:subfield>
            <marc:subfield code="2">rdaft</marc:subfield>
        </marc:datafield>
        <marc:datafield tag="347" ind1=" " ind2=" ">
            <marc:subfield code="b">PDF</marc:subfield>
        </marc:datafield>
        <marc:datafield tag="502" ind1=" " ind2=" ">
            <marc:subfield code="b">Ph. D.</marc:subfield>
            <marc:subfield code="c">University of Washington</marc:subfield>
            <marc:subfield code="d">2020.</marc:subfield>
        </marc:datafield>
        <marc:datafield tag="504" ind1=" " ind2=" ">
            <marc:subfield code="a">Includes bibliographical references (pages 137-146).</marc:subfield>
        </marc:datafield>
        <marc:datafield tag="520" ind1="3" ind2=" ">
            <marc:subfield code="a">The unprecedented variation of information integration agendas in the architecture, engineering, and construction industry disrupts the development and maintenance of information exchange routines in firms. This research probed this important emerging phenomenon in three longitudinal ethnographic case-studies. The first case-study answered the question &quot;What types of disruptions do firms experience in working with custom information exchange requirements?&quot; and found that custom information exchange requirements can be disruptive in that they constrain technological and organizational settings and undermine the scope of work, sequence of actions, and timeline of enacting routines in practice. To understand organizational responses to such disruptions, the second case-study offered answers to the question of &quot;how firms perceive, interpret, and act upon disruptive information exchange initiatives in a project?&quot;, thereby revealing three reasoning mechanisms that underpin organizational responses: deductive, inductive, and abductive. With temporary nature of individual projects that limit opportunities to balance abductive and inductive reasoning (important for endogenous improvement of routines), firms are likely to identify and enact solutions that are temporary in nature, highly divergent from existing routines, and therefore, not durable nor effective in contributing to the refinement of information exchange routines. The third case-study complemented these findings by answering to the question &quot;How do firms perceive and respond to the surge of disparate information exchange initiatives in a multitude of projects?&quot; This case spotlighted the shifting loci of information integration in firms, wherein the custom information integration requirements in individual projects undermine internal information integration among projects, portfolios, and operations in firms. This study also revealed that practitioners either separated custom and durable logics of their practice or they found effective strategies to meld them. Based on these insights, this dissertation conceptualized genericity-complexity trade-off in information exchange routines to explain how firms develop routines around the frequent disruptions. Generic routines facilitate addressing custom information exchange requirements with ad hoc and temporary responses in projects, while complex routines systemized, coordinated, and distributed responses within and among different projects and organizational constellations. This research discusses the implications of genericity-complexity trade-off in information exchange routines for internal information integration and knowledge sharing in firms.</marc:subfield>
        </marc:datafield>
        <marc:datafield tag="588" ind1="0" ind2=" ">
            <marc:subfield code="a">Online resource; title from PDF title page (ResearchWorks Archive, viewed September 14, 2020).</marc:subfield>
        </marc:datafield>
        <marc:datafield tag="650" ind1=" " ind2="0">
            <marc:subfield code="a">Construction industry</marc:subfield>
            <marc:subfield code="x">Information resources management.</marc:subfield>
        </marc:datafield>
        <marc:datafield tag="650" ind1=" " ind2="0">
            <marc:subfield code="a">Building information modeling.</marc:subfield>
        </marc:datafield>
        <marc:datafield tag="650" ind1=" " ind2="6">
            <marc:subfield code="a">Construction</marc:subfield>
            <marc:subfield code="x">Industrie</marc:subfield>
            <marc:subfield code="x">Gestion de l'information.</marc:subfield>
            <marc:subfield code="0">(CaQQLa)000259723</marc:subfield>
        </marc:datafield>
        <marc:datafield tag="650" ind1=" " ind2="6">
            <marc:subfield code="a">Modélisation des données du bâtiment.</marc:subfield>
            <marc:subfield code="0">(CaQQLa)000259725</marc:subfield>
        </marc:datafield>
        <marc:datafield tag="650" ind1=" " ind2="7">
            <marc:subfield code="a">Construction industry</marc:subfield>
            <marc:subfield code="x">Information resources management.</marc:subfield>
            <marc:subfield code="2">fast</marc:subfield>
            <marc:subfield code="0">(OCoLC)fst00876043</marc:subfield>
        </marc:datafield>
        <marc:datafield tag="650" ind1=" " ind2="7">
            <marc:subfield code="a">Building information modeling.</marc:subfield>
            <marc:subfield code="2">fast</marc:subfield>
            <marc:subfield code="0">(OCoLC)fst01744879</marc:subfield>
        </marc:datafield>
        <marc:datafield tag="653" ind1="0" ind2=" ">
            <marc:subfield code="a">Digital Practice</marc:subfield>
        </marc:datafield>
        <marc:datafield tag="653" ind1="0" ind2=" ">
            <marc:subfield code="a">Digital Project Delivery</marc:subfield>
        </marc:datafield>
        <marc:datafield tag="653" ind1="0" ind2=" ">
            <marc:subfield code="a">Disruptive Requirements</marc:subfield>
        </marc:datafield>
        <marc:datafield tag="653" ind1="0" ind2=" ">
            <marc:subfield code="a">Information Exchange</marc:subfield>
        </marc:datafield>
        <marc:datafield tag="653" ind1="0" ind2=" ">
            <marc:subfield code="a">Information Integration</marc:subfield>
        </marc:datafield>
        <marc:datafield tag="653" ind1="0" ind2=" ">
            <marc:subfield code="a">Organizational Routines</marc:subfield>
        </marc:datafield>
        <marc:datafield tag="653" ind1="0" ind2=" ">
            <marc:subfield code="a">Architectural engineering</marc:subfield>
        </marc:datafield>
        <marc:datafield tag="653" ind1="0" ind2=" ">
            <marc:subfield code="a">Civil engineering</marc:subfield>
        </marc:datafield>
        <marc:datafield tag="653" ind1="0" ind2=" ">
            <marc:subfield code="a">Built environment</marc:subfield>
        </marc:datafield>
        <marc:datafield tag="655" ind1=" " ind2="2">
            <marc:subfield code="a">Academic Dissertation</marc:subfield>
            <marc:subfield code="0">(DNLM)D019478</marc:subfield>
        </marc:datafield>
        <marc:datafield tag="655" ind1=" " ind2="4">
            <marc:subfield code="a">Theses</marc:subfield>
            <marc:subfield code="x">Built environment.</marc:subfield>
        </marc:datafield>
        <marc:datafield tag="655" ind1=" " ind2="7">
            <marc:subfield code="a">Academic theses</marc:subfield>
            <marc:subfield code="2">fast</marc:subfield>
            <marc:subfield code="0">(OCoLC)fst01726453</marc:subfield>
        </marc:datafield>
        <marc:datafield tag="655" ind1=" " ind2="7">
            <marc:subfield code="a">Academic theses.</marc:subfield>
            <marc:subfield code="2">lcgft</marc:subfield>
        </marc:datafield>
        <marc:datafield tag="655" ind1=" " ind2="7">
            <marc:subfield code="a">Thèses et écrits académiques.</marc:subfield>
            <marc:subfield code="2">rvmgf</marc:subfield>
            <marc:subfield code="0">(CaQQLa)RVMGF-000001173</marc:subfield>
        </marc:datafield>
        <marc:datafield tag="700" ind1="1" ind2=" ">
            <marc:subfield code="a">Dossick, Carrie Sturts,</marc:subfield>
            <marc:subfield code="d">1973-</marc:subfield>
            <marc:subfield code="e">degree supervisor.</marc:subfield>
            <marc:subfield code="1">http://www.wikidata.org/entity/Q99439465</marc:subfield>
        </marc:datafield>
        <marc:datafield tag="856" ind1="4" ind2="0">
            <marc:subfield code="u">http://hdl.handle.net/1773/45864</marc:subfield>
        </marc:datafield>
        <marc:datafield tag="049" ind1=" " ind2=" ">
            <marc:subfield code="a">WAUW</marc:subfield>
        </marc:datafield>
    </marc:record>