
    <marc:record>
        <marc:leader>07634cam a2200673 i 4500</marc:leader>
        <marc:controlfield tag="001">1341307101</marc:controlfield>
        <marc:controlfield tag="008">220817s2022    ntcab    b   s000 0 eng c</marc:controlfield>
        <marc:controlfield tag="005">20220919105703.2</marc:controlfield>
        <marc:datafield tag="040" ind1=" " ind2=" ">
            <marc:subfield code="a">WAU</marc:subfield>
            <marc:subfield code="b">eng</marc:subfield>
            <marc:subfield code="e">rda</marc:subfield>
            <marc:subfield code="c">WAU</marc:subfield>
            <marc:subfield code="d">WAU</marc:subfield>
            <marc:subfield code="d">OCLCF</marc:subfield>
        </marc:datafield>
        <marc:datafield tag="042" ind1=" " ind2=" ">
            <marc:subfield code="a">pcc</marc:subfield>
        </marc:datafield>
        <marc:datafield tag="043" ind1=" " ind2=" ">
            <marc:subfield code="a">n-cn-nu</marc:subfield>
        </marc:datafield>
        <marc:datafield tag="046" ind1="1" ind2=" ">
            <marc:subfield code="k">2022</marc:subfield>
            <marc:subfield code="2">edtf</marc:subfield>
        </marc:datafield>
        <marc:datafield tag="050" ind1=" " ind2="4">
            <marc:subfield code="a">QL737.U55</marc:subfield>
            <marc:subfield code="b">A2352 2022</marc:subfield>
        </marc:datafield>
        <marc:datafield tag="100" ind1="1" ind2=" ">
            <marc:subfield code="a">Adamczewski, Jan,</marc:subfield>
            <marc:subfield code="d">1958-</marc:subfield>
            <marc:subfield code="e">author.</marc:subfield>
        </marc:datafield>
        <marc:datafield tag="240" ind1="1" ind2="0">
            <marc:subfield code="a">Estimates of breeding females &amp; adult herd size and analyses of demographics for the Bathurst herd of barren-ground caribou (2022)</marc:subfield>
        </marc:datafield>
        <marc:datafield tag="245" ind1="1" ind2="0">
            <marc:subfield code="a">Estimates of breeding females &amp; adult herd size and analyses of demographics for the Bathurst herd of barren-ground caribou :</marc:subfield>
            <marc:subfield code="b">2021 calving ground photographic survey /</marc:subfield>
            <marc:subfield code="c">Jan Adamczewski, John Boulanger, Judy Williams, Dean Cluff, Karin Clark, J. Nishi, Stefan Goodman, Kevin Chan, and Robin Abernethy.</marc:subfield>
        </marc:datafield>
        <marc:datafield tag="246" ind1="3" ind2=" ">
            <marc:subfield code="a">Estimates of breeding females and adult herd size and analyses of demographics for the Bathurst herd of barren-ground caribou :</marc:subfield>
            <marc:subfield code="b">2021 calving ground photographic survey</marc:subfield>
        </marc:datafield>
        <marc:datafield tag="264" ind1=" " ind2="1">
            <marc:subfield code="a">[Yellowknife] :</marc:subfield>
            <marc:subfield code="b">Northwest Territories Environment and Natural Resources,</marc:subfield>
            <marc:subfield code="c">2022.</marc:subfield>
        </marc:datafield>
        <marc:datafield tag="300" ind1=" " ind2=" ">
            <marc:subfield code="a">xiv, 137 pages :</marc:subfield>
            <marc:subfield code="b">illustrations (chiefly color), color maps ;</marc:subfield>
            <marc:subfield code="c">28 cm.</marc:subfield>
        </marc:datafield>
        <marc:datafield tag="336" ind1=" " ind2=" ">
            <marc:subfield code="a">text</marc:subfield>
            <marc:subfield code="b">txt</marc:subfield>
            <marc:subfield code="2">rdacontent</marc:subfield>
        </marc:datafield>
        <marc:datafield tag="336" ind1=" " ind2=" ">
            <marc:subfield code="a">still image</marc:subfield>
            <marc:subfield code="b">sti</marc:subfield>
            <marc:subfield code="2">rdacontent</marc:subfield>
        </marc:datafield>
        <marc:datafield tag="337" ind1=" " ind2=" ">
            <marc:subfield code="a">unmediated</marc:subfield>
            <marc:subfield code="b">n</marc:subfield>
            <marc:subfield code="2">rdamedia</marc:subfield>
        </marc:datafield>
        <marc:datafield tag="338" ind1=" " ind2=" ">
            <marc:subfield code="a">volume</marc:subfield>
            <marc:subfield code="b">nc</marc:subfield>
            <marc:subfield code="2">rdacarrier</marc:subfield>
        </marc:datafield>
        <marc:datafield tag="340" ind1=" " ind2=" ">
            <marc:subfield code="g">color</marc:subfield>
            <marc:subfield code="g">black and white</marc:subfield>
        </marc:datafield>
        <marc:datafield tag="340" ind1=" " ind2=" ">
            <marc:subfield code="g">polychrome</marc:subfield>
            <marc:subfield code="g">monochrome</marc:subfield>
            <marc:subfield code="2">rdacc</marc:subfield>
        </marc:datafield>
        <marc:datafield tag="340" ind1=" " ind2=" ">
            <marc:subfield code="p">illustration</marc:subfield>
            <marc:subfield code="p">map</marc:subfield>
            <marc:subfield code="2">rdaill</marc:subfield>
        </marc:datafield>
        <marc:datafield tag="490" ind1="1" ind2=" ">
            <marc:subfield code="a">Manuscript report ;</marc:subfield>
            <marc:subfield code="v">no. 326</marc:subfield>
        </marc:datafield>
        <marc:datafield tag="504" ind1=" " ind2=" ">
            <marc:subfield code="a">Includes bibliographical references (pages 76-82).</marc:subfield>
        </marc:datafield>
        <marc:datafield tag="505" ind1="2" ind2=" ">
            <marc:subfield code="a">Appendix 1. Double observer analysis of caribou counts from visual strata -- Appendix 2. Double observer analysis of a sub-set of aerial photo counts from June 2021 Bathurst photo strata -- Appendix 3. Schematics of Bathurst and Beverly collared caribou locations in fall 2021 -- Appendix 4. Locations and movements of Bathurst, Beverly and Bluenose-East collared caribou February 2021 to February 2022 -- Appendix 5. Bathurst demographic analysis with IPM model in R code -- Appendix 6. Increased fall bull:cow ratios in the Bathurst and Bluenose-East caribou herds 2020-2021 -- Appendix 7. Incidental sightings of other large mammals and eagles on Bathurst 2021 calving ground survey -- Appendix 8. Fates of collared Bathurst females that wwitched to Beverly herd.</marc:subfield>
        </marc:datafield>
        <marc:datafield tag="520" ind1="3" ind2=" ">
            <marc:subfield code="a">This report describes the results of a calving ground photo survey of the Bathurst barren-ground caribou herd conducted June 1-14, 2021 west and east of Bathurst Inlet in Nunavut. The main objectives were to estimate the numbers of breeding females, adult females, and adults in the herd, and to compare results to previous calving ground surveys of this herd, the last in 2018. A calving ground survey of the Bluenose-East caribou herd was carried out simultaneously and results from that survey are reported separately.</marc:subfield>
        </marc:datafield>
        <marc:datafield tag="520" ind1="3" ind2=" ">
            <marc:subfield code="a">The photo survey blocks were flown with excellent field conditions (blue skies) on June 10 and visual survey blocks surrounding the photo blocks were flown on June 9, 10 and 11. A helicopter-based composition survey was carried out between June 11 and 14. Some known (collared) Bathurst caribou cows were located east of the Inlet during calving (6 of 34), mixed with larger numbers of Beverly caribou. Subsequently, collared Bathurst caribou within this area moved east toward the Beverly calving ground, while the caribou west of the Inlet (28 of 34 known collars) moved south and west toward the Bathurst summer range. The estimates of the Bathurst herd are therefore based on the survey results west of Bathurst Inlet.</marc:subfield>
        </marc:datafield>
        <marc:datafield tag="520" ind1="3" ind2=" ">
            <marc:subfield code="a">The estimate of Bathurst breeding females in June 2021 was 2,878 (95%CI 1,778-4,660), the estimate of total females was 3,808 (95%CI 2,435-5,955), and the estimate of adult caribou in the herd (at least two years old) including males was 6,243 (95%CI 3,950-9,134). The extrapolated estimate is based on an October 2020 fall sex ratio estimated for the Bathurst herd. This herd estimate represents an annual rate of decline of about 8% since 2018, when the herd estimate was 8,207 caribou. The annual rate of decline from 2015 to2018 was about 25%.</marc:subfield>
        </marc:datafield>
        <marc:datafield tag="520" ind1="3" ind2=" ">
            <marc:subfield code="a">If the Bathurst caribou that calved east of the Inlet are considered to be part of the Bathurst herd, estimates would be 3,474 (95%CI 2,090-5,772) breeding females, 4,596 (95%CI 2,857-7,392) adult females, and 7,535 (95%CI 4,638-11,239) adult caribou. These estimates assume that numbers of Bathurst cows east of the Inlet were in proportion to relative collar numbers of known Bathurst cows on the two sides of the Inlet (west 28, east 6). This herd estimate also uses the October 2020 sex ratio for the herd. These numbers suggest that the herd was approaching stability in 2021 based on the balance between deaths and recruitment of young. An integrated population model fitted to Bathurst survey results also suggested an increasing trend in survival rates of 0.85 (CI=0.76-0.92) in 2021 for adult females and increased calf survival rates of approximately 0.5 for the past three years.</marc:subfield>
        </marc:datafield>
        <marc:datafield tag="520" ind1="3" ind2=" ">
            <marc:subfield code="a">The apparent emigration of known female Bathurst collared caribou (six of 34, 17.6%) in June 2021 continued a pattern from 2018 (three of 11, 27.2%) and 2019 (three of 17, 17.6%) of unidirectional Bathurst collared caribou switching to the calving ground of the Beverly herd. In each winter before these June emigrations, Bathurst and Beverly collared caribou were heavily mixed, with the Bathurst herd out-numbered more than 12:1 by the much larger Beverly herd, based on 2018 population estimates. In 2021, emigration of Bathurst caribou may be a greater concern for the herd's future than numeric decline. Continued monitoring of Bathurst caribou movement patterns with adequate collar numbers and surveys to assess abundance and trend will be essential in the next few years.</marc:subfield>
        </marc:datafield>
        <marc:datafield tag="530" ind1=" " ind2=" ">
            <marc:subfield code="a">Also issued online in PDF format.</marc:subfield>
        </marc:datafield>
        <marc:datafield tag="650" ind1=" " ind2="0">
            <marc:subfield code="a">Barren ground caribou populations</marc:subfield>
            <marc:subfield code="x">Estimates</marc:subfield>
            <marc:subfield code="z">Nunavut</marc:subfield>
            <marc:subfield code="z">Bathurst Inlet Region.</marc:subfield>
        </marc:datafield>
        <marc:datafield tag="650" ind1=" " ind2="0">
            <marc:subfield code="a">Caribou calving grounds</marc:subfield>
            <marc:subfield code="z">Nunavut</marc:subfield>
            <marc:subfield code="z">Bathurst Inlet Region.</marc:subfield>
        </marc:datafield>
        <marc:datafield tag="650" ind1=" " ind2="0">
            <marc:subfield code="a">Mammal surveys</marc:subfield>
            <marc:subfield code="z">Nunavut</marc:subfield>
            <marc:subfield code="z">Bathurst Inlet Region.</marc:subfield>
        </marc:datafield>
        <marc:datafield tag="650" ind1=" " ind2="0">
            <marc:subfield code="a">Aerial surveys in wildlife management</marc:subfield>
            <marc:subfield code="z">Nunavut</marc:subfield>
            <marc:subfield code="z">Bathurst Inlet Region.</marc:subfield>
        </marc:datafield>
        <marc:datafield tag="650" ind1=" " ind2="7">
            <marc:subfield code="a">Aerial surveys in wildlife management.</marc:subfield>
            <marc:subfield code="2">fast</marc:subfield>
            <marc:subfield code="0">(OCoLC)fst00798142</marc:subfield>
        </marc:datafield>
        <marc:datafield tag="650" ind1=" " ind2="7">
            <marc:subfield code="a">Barren ground caribou populations</marc:subfield>
            <marc:subfield code="x">Estimates.</marc:subfield>
            <marc:subfield code="2">fast</marc:subfield>
            <marc:subfield code="0">(OCoLC)fst01982240</marc:subfield>
        </marc:datafield>
        <marc:datafield tag="650" ind1=" " ind2="7">
            <marc:subfield code="a">Caribou calving grounds.</marc:subfield>
            <marc:subfield code="2">fast</marc:subfield>
            <marc:subfield code="0">(OCoLC)fst00847520</marc:subfield>
        </marc:datafield>
        <marc:datafield tag="650" ind1=" " ind2="7">
            <marc:subfield code="a">Mammal surveys.</marc:subfield>
            <marc:subfield code="2">fast</marc:subfield>
            <marc:subfield code="0">(OCoLC)fst01006939</marc:subfield>
        </marc:datafield>
        <marc:datafield tag="655" ind1=" " ind2="7">
            <marc:subfield code="a">Technical reports.</marc:subfield>
            <marc:subfield code="2">fast</marc:subfield>
            <marc:subfield code="0">(OCoLC)fst01941336</marc:subfield>
        </marc:datafield>
        <marc:datafield tag="655" ind1=" " ind2="7">
            <marc:subfield code="a">Zoological surveys.</marc:subfield>
            <marc:subfield code="2">fast</marc:subfield>
            <marc:subfield code="0">(OCoLC)fst02002258</marc:subfield>
        </marc:datafield>
        <marc:datafield tag="655" ind1=" " ind2="7">
            <marc:subfield code="a">Technical reports.</marc:subfield>
            <marc:subfield code="2">lcgft</marc:subfield>
        </marc:datafield>
        <marc:datafield tag="655" ind1=" " ind2="7">
            <marc:subfield code="a">Zoological surveys.</marc:subfield>
            <marc:subfield code="2">lcgft</marc:subfield>
        </marc:datafield>
        <marc:datafield tag="700" ind1="1" ind2=" ">
            <marc:subfield code="a">Boulanger, John,</marc:subfield>
            <marc:subfield code="d">1965-</marc:subfield>
            <marc:subfield code="e">author.</marc:subfield>
        </marc:datafield>
        <marc:datafield tag="700" ind1="1" ind2=" ">
            <marc:subfield code="a">Williams, Judy</marc:subfield>
            <marc:subfield code="c">(Wildlife manager),</marc:subfield>
            <marc:subfield code="e">author.</marc:subfield>
        </marc:datafield>
        <marc:datafield tag="700" ind1="1" ind2=" ">
            <marc:subfield code="a">Cluff, H. Dean</marc:subfield>
            <marc:subfield code="q">(Howard Dean),</marc:subfield>
            <marc:subfield code="d">1961-</marc:subfield>
            <marc:subfield code="e">author.</marc:subfield>
        </marc:datafield>
        <marc:datafield tag="700" ind1="1" ind2=" ">
            <marc:subfield code="a">Clark, Karin,</marc:subfield>
            <marc:subfield code="d">1967-</marc:subfield>
            <marc:subfield code="e">author.</marc:subfield>
        </marc:datafield>
        <marc:datafield tag="700" ind1="1" ind2=" ">
            <marc:subfield code="a">Nishi, John S.</marc:subfield>
            <marc:subfield code="q">(John Susumu),</marc:subfield>
            <marc:subfield code="d">1968-</marc:subfield>
            <marc:subfield code="e">author.</marc:subfield>
        </marc:datafield>
        <marc:datafield tag="700" ind1="1" ind2=" ">
            <marc:subfield code="a">Goodman, Stefan,</marc:subfield>
            <marc:subfield code="d">1980-</marc:subfield>
            <marc:subfield code="e">author.</marc:subfield>
        </marc:datafield>
        <marc:datafield tag="700" ind1="1" ind2=" ">
            <marc:subfield code="a">Chan, Kevin</marc:subfield>
            <marc:subfield code="q">(Kevin W.),</marc:subfield>
            <marc:subfield code="e">author.</marc:subfield>
        </marc:datafield>
        <marc:datafield tag="700" ind1="1" ind2=" ">
            <marc:subfield code="a">Abernethy, Robin,</marc:subfield>
            <marc:subfield code="d">1980-</marc:subfield>
            <marc:subfield code="e">author.</marc:subfield>
        </marc:datafield>
        <marc:datafield tag="710" ind1="1" ind2=" ">
            <marc:subfield code="a">Northwest Territories.</marc:subfield>
            <marc:subfield code="b">Department of Environment and Natural Resources,</marc:subfield>
            <marc:subfield code="e">issuing body,</marc:subfield>
            <marc:subfield code="e">publisher.</marc:subfield>
        </marc:datafield>
        <marc:datafield tag="830" ind1=" " ind2="0">
            <marc:subfield code="a">Manuscript report (Northwest Territories. Department of Environment and Natural Resources) ;</marc:subfield>
            <marc:subfield code="v">no. 326.</marc:subfield>
        </marc:datafield>
        <marc:datafield tag="856" ind1="4" ind2="1">
            <marc:subfield code="3">Northwest Territories Environment and Natural Resources</marc:subfield>
            <marc:subfield code="u">http://bibpurl.oclc.org/web/97350</marc:subfield>
            <marc:subfield code="u">https://www.enr.gov.nt.ca/sites/enr/files/resources/326_manuscript.pdf</marc:subfield>
        </marc:datafield>
        <marc:datafield tag="049" ind1=" " ind2=" ">
            <marc:subfield code="a">WAUW</marc:subfield>
        </marc:datafield>
    </marc:record>