
    <marc:record>
        <marc:leader>01766cam a2200397 i 4500</marc:leader>
        <marc:controlfield tag="001">1302865607</marc:controlfield>
        <marc:controlfield tag="008">220310s2020    tu       b    000 0 uig c</marc:controlfield>
        <marc:controlfield tag="005">20220407124531.9</marc:controlfield>
        <marc:datafield tag="040" ind1=" " ind2=" ">
            <marc:subfield code="a">WAU</marc:subfield>
            <marc:subfield code="b">eng</marc:subfield>
            <marc:subfield code="e">rda</marc:subfield>
            <marc:subfield code="c">WAU</marc:subfield>
            <marc:subfield code="d">OCLCO</marc:subfield>
            <marc:subfield code="d">OCLCF</marc:subfield>
        </marc:datafield>
        <marc:datafield tag="020" ind1=" " ind2=" ">
            <marc:subfield code="a">9786056948671</marc:subfield>
        </marc:datafield>
        <marc:datafield tag="020" ind1=" " ind2=" ">
            <marc:subfield code="a">6056948676</marc:subfield>
        </marc:datafield>
        <marc:datafield tag="042" ind1=" " ind2=" ">
            <marc:subfield code="a">pcc</marc:subfield>
        </marc:datafield>
        <marc:datafield tag="050" ind1=" " ind2="4">
            <marc:subfield code="a">DS731.U4</marc:subfield>
            <marc:subfield code="b">A42 2020</marc:subfield>
        </marc:datafield>
        <marc:datafield tag="100" ind1="1" ind2=" ">
            <marc:subfield code="a">Ala, Mamtimin,</marc:subfield>
            <marc:subfield code="d">1971-</marc:subfield>
            <marc:subfield code="e">author.</marc:subfield>
        </marc:datafield>
        <marc:datafield tag="245" ind1="1" ind2="0">
            <marc:subfield code="a">Uyghur qătaiami :</marc:subfield>
            <marc:subfield code="b">piskhologiyălik năzăr /</marc:subfield>
            <marc:subfield code="c">Mămtimin Ăla = The Uyghur genocide : a psychological perspective / Mamtimin Ala.</marc:subfield>
        </marc:datafield>
        <marc:datafield tag="246" ind1="3" ind2="1">
            <marc:subfield code="a">Uyghur genocide</marc:subfield>
        </marc:datafield>
        <marc:datafield tag="250" ind1=" " ind2=" ">
            <marc:subfield code="a">Birinchi năshri.</marc:subfield>
        </marc:datafield>
        <marc:datafield tag="264" ind1=" " ind2="1">
            <marc:subfield code="a">Istanbul :</marc:subfield>
            <marc:subfield code="b">Tăklimakan Uyghur Năshriyati,</marc:subfield>
            <marc:subfield code="c">2020.</marc:subfield>
        </marc:datafield>
        <marc:datafield tag="300" ind1=" " ind2=" ">
            <marc:subfield code="a">240 pages</marc:subfield>
        </marc:datafield>
        <marc:datafield tag="336" ind1=" " ind2=" ">
            <marc:subfield code="a">text</marc:subfield>
            <marc:subfield code="b">txt</marc:subfield>
            <marc:subfield code="2">rdacontent</marc:subfield>
        </marc:datafield>
        <marc:datafield tag="337" ind1=" " ind2=" ">
            <marc:subfield code="a">unmediated</marc:subfield>
            <marc:subfield code="b">n</marc:subfield>
            <marc:subfield code="2">rdamedia</marc:subfield>
        </marc:datafield>
        <marc:datafield tag="338" ind1=" " ind2=" ">
            <marc:subfield code="a">volume</marc:subfield>
            <marc:subfield code="b">nc</marc:subfield>
            <marc:subfield code="2">rdacarrier</marc:subfield>
        </marc:datafield>
        <marc:datafield tag="504" ind1=" " ind2=" ">
            <marc:subfield code="a">Includes bibliographical references.</marc:subfield>
        </marc:datafield>
        <marc:datafield tag="650" ind1=" " ind2="0">
            <marc:subfield code="a">Uighur (Turkic people)</marc:subfield>
            <marc:subfield code="z">China</marc:subfield>
            <marc:subfield code="z">Xinjiang Uygur Zizhiqu.</marc:subfield>
        </marc:datafield>
        <marc:datafield tag="650" ind1=" " ind2="0">
            <marc:subfield code="a">Genocide</marc:subfield>
            <marc:subfield code="z">China</marc:subfield>
            <marc:subfield code="z">Xinjiang Uygur Zizhiqu.</marc:subfield>
        </marc:datafield>
        <marc:datafield tag="650" ind1=" " ind2="0">
            <marc:subfield code="a">Human rights</marc:subfield>
            <marc:subfield code="z">China</marc:subfield>
            <marc:subfield code="z">Xinjiang Uygur Zizhiqu.</marc:subfield>
        </marc:datafield>
        <marc:datafield tag="651" ind1=" " ind2="0">
            <marc:subfield code="a">Xinjiang Uygur Zizhiqu (China)</marc:subfield>
            <marc:subfield code="x">Ethnic relations.</marc:subfield>
        </marc:datafield>
        <marc:datafield tag="650" ind1=" " ind2="6">
            <marc:subfield code="a">Ouïgour (Peuple turc)</marc:subfield>
            <marc:subfield code="0">(CaQQLa)201-0029908</marc:subfield>
            <marc:subfield code="z">Chine</marc:subfield>
            <marc:subfield code="0">(CaQQLa)201-0477325</marc:subfield>
            <marc:subfield code="z">Xinjiang.</marc:subfield>
            <marc:subfield code="0">(CaQQLa)201-0477325</marc:subfield>
        </marc:datafield>
        <marc:datafield tag="650" ind1=" " ind2="6">
            <marc:subfield code="a">Droits de l'homme (Droit international)</marc:subfield>
            <marc:subfield code="0">(CaQQLa)201-0065399</marc:subfield>
            <marc:subfield code="z">Chine</marc:subfield>
            <marc:subfield code="0">(CaQQLa)201-0477325</marc:subfield>
            <marc:subfield code="z">Xinjiang.</marc:subfield>
            <marc:subfield code="0">(CaQQLa)201-0477325</marc:subfield>
        </marc:datafield>
        <marc:datafield tag="651" ind1=" " ind2="6">
            <marc:subfield code="a">Xinjiang (Chine)</marc:subfield>
            <marc:subfield code="0">(CaQQLa)201-0141981</marc:subfield>
            <marc:subfield code="x">Relations interethniques.</marc:subfield>
            <marc:subfield code="0">(CaQQLa)201-0379079</marc:subfield>
        </marc:datafield>
        <marc:datafield tag="650" ind1=" " ind2="7">
            <marc:subfield code="a">Ethnic relations.</marc:subfield>
            <marc:subfield code="2">fast</marc:subfield>
            <marc:subfield code="0">(OCoLC)fst00916005</marc:subfield>
        </marc:datafield>
        <marc:datafield tag="650" ind1=" " ind2="7">
            <marc:subfield code="a">Genocide.</marc:subfield>
            <marc:subfield code="2">fast</marc:subfield>
            <marc:subfield code="0">(OCoLC)fst00940208</marc:subfield>
        </marc:datafield>
        <marc:datafield tag="650" ind1=" " ind2="7">
            <marc:subfield code="a">Human rights.</marc:subfield>
            <marc:subfield code="2">fast</marc:subfield>
            <marc:subfield code="0">(OCoLC)fst00963285</marc:subfield>
        </marc:datafield>
        <marc:datafield tag="650" ind1=" " ind2="7">
            <marc:subfield code="a">Uighur (Turkic people)</marc:subfield>
            <marc:subfield code="2">fast</marc:subfield>
            <marc:subfield code="0">(OCoLC)fst01160372</marc:subfield>
        </marc:datafield>
        <marc:datafield tag="651" ind1=" " ind2="7">
            <marc:subfield code="a">China</marc:subfield>
            <marc:subfield code="z">Xinjiang Uygur Zizhiqu.</marc:subfield>
            <marc:subfield code="2">fast</marc:subfield>
            <marc:subfield code="0">(OCoLC)fst01212006</marc:subfield>
        </marc:datafield>
        <marc:datafield tag="049" ind1=" " ind2=" ">
            <marc:subfield code="a">WAUW</marc:subfield>
        </marc:datafield>
    </marc:record>