
    <marc:record>
        <marc:leader>04481cam a2200793 i 4500</marc:leader>
        <marc:controlfield tag="001">1186703336</marc:controlfield>
        <marc:controlfield tag="006">m     o  d        </marc:controlfield>
        <marc:controlfield tag="008">200820s2020    okua    ob    001 0beng c</marc:controlfield>
        <marc:controlfield tag="005">20220613130402.7</marc:controlfield>
        <marc:controlfield tag="007">cr cn|||||||||</marc:controlfield>
        <marc:datafield tag="040" ind1=" " ind2=" ">
            <marc:subfield code="a">WAU</marc:subfield>
            <marc:subfield code="b">eng</marc:subfield>
            <marc:subfield code="e">rda</marc:subfield>
            <marc:subfield code="e">pn</marc:subfield>
            <marc:subfield code="c">WAU</marc:subfield>
            <marc:subfield code="d">WAU</marc:subfield>
            <marc:subfield code="d">OCLCF</marc:subfield>
            <marc:subfield code="d">UAB</marc:subfield>
            <marc:subfield code="d">OCLCO</marc:subfield>
        </marc:datafield>
        <marc:datafield tag="020" ind1=" " ind2=" ">
            <marc:subfield code="a">9780806168173</marc:subfield>
            <marc:subfield code="q">(ebook)</marc:subfield>
        </marc:datafield>
        <marc:datafield tag="020" ind1=" " ind2=" ">
            <marc:subfield code="a">080616817X</marc:subfield>
            <marc:subfield code="q">(ebook)</marc:subfield>
        </marc:datafield>
        <marc:datafield tag="020" ind1=" " ind2=" ">
            <marc:subfield code="z">9780806164977</marc:subfield>
        </marc:datafield>
        <marc:datafield tag="020" ind1=" " ind2=" ">
            <marc:subfield code="z">0806164972</marc:subfield>
        </marc:datafield>
        <marc:datafield tag="042" ind1=" " ind2=" ">
            <marc:subfield code="a">pcc</marc:subfield>
        </marc:datafield>
        <marc:datafield tag="043" ind1=" " ind2=" ">
            <marc:subfield code="a">n-us-mt</marc:subfield>
            <marc:subfield code="a">n-us-nc</marc:subfield>
        </marc:datafield>
        <marc:datafield tag="050" ind1=" " ind2="4">
            <marc:subfield code="a">F739.V5</marc:subfield>
            <marc:subfield code="b">.A738 2020</marc:subfield>
        </marc:datafield>
        <marc:datafield tag="082" ind1="0" ind2="4">
            <marc:subfield code="a">978.666302092</marc:subfield>
            <marc:subfield code="2">23</marc:subfield>
        </marc:datafield>
        <marc:datafield tag="100" ind1="1" ind2=" ">
            <marc:subfield code="a">Arata, Laura Joanne,</marc:subfield>
            <marc:subfield code="d">1984-</marc:subfield>
            <marc:subfield code="e">author.</marc:subfield>
        </marc:datafield>
        <marc:datafield tag="245" ind1="1" ind2="0">
            <marc:subfield code="a">Race and the wild west :</marc:subfield>
            <marc:subfield code="b">Sarah Bickford, the Montana vigilantes, and the tourism of decline, 1870-1930 /</marc:subfield>
            <marc:subfield code="c">Laura J. Arata.</marc:subfield>
        </marc:datafield>
        <marc:datafield tag="246" ind1="3" ind2="0">
            <marc:subfield code="a">Sarah Bickford, the Montana vigilantes, and the tourism of decline, 1870-1930</marc:subfield>
        </marc:datafield>
        <marc:datafield tag="250" ind1=" " ind2=" ">
            <marc:subfield code="a">First edition.</marc:subfield>
        </marc:datafield>
        <marc:datafield tag="264" ind1=" " ind2="1">
            <marc:subfield code="a">Norman :</marc:subfield>
            <marc:subfield code="b">University of Oklahoma Press,</marc:subfield>
            <marc:subfield code="c">[2020]</marc:subfield>
        </marc:datafield>
        <marc:datafield tag="300" ind1=" " ind2=" ">
            <marc:subfield code="a">1 online resource (xviii, 285 pages) :</marc:subfield>
            <marc:subfield code="b">illustrations.</marc:subfield>
        </marc:datafield>
        <marc:datafield tag="336" ind1=" " ind2=" ">
            <marc:subfield code="a">text</marc:subfield>
            <marc:subfield code="b">txt</marc:subfield>
            <marc:subfield code="2">rdacontent</marc:subfield>
        </marc:datafield>
        <marc:datafield tag="337" ind1=" " ind2=" ">
            <marc:subfield code="a">computer</marc:subfield>
            <marc:subfield code="b">c</marc:subfield>
            <marc:subfield code="2">rdamedia</marc:subfield>
        </marc:datafield>
        <marc:datafield tag="338" ind1=" " ind2=" ">
            <marc:subfield code="a">online resource</marc:subfield>
            <marc:subfield code="b">cr</marc:subfield>
            <marc:subfield code="2">rdacarrier</marc:subfield>
        </marc:datafield>
        <marc:datafield tag="490" ind1="1" ind2=" ">
            <marc:subfield code="a">Race and culture in the American West ;</marc:subfield>
            <marc:subfield code="v">volume 17</marc:subfield>
        </marc:datafield>
        <marc:datafield tag="504" ind1=" " ind2=" ">
            <marc:subfield code="a">Includes bibliographical references and index</marc:subfield>
        </marc:datafield>
        <marc:datafield tag="520" ind1=" " ind2=" ">
            <marc:subfield code="a">Through exhaustive research and nuanced analysis, Laura J. Arata advances our understanding of a woman whose life embodied the contradictory intersections of hope and disappointment that characterized life in the early-twentieth-century American West for brave pioneers of many races.</marc:subfield>
        </marc:datafield>
        <marc:datafield tag="588" ind1="0" ind2=" ">
            <marc:subfield code="a">Online resource; title from PDF title page (Ebook Central, viewed August 19, 2020).</marc:subfield>
        </marc:datafield>
        <marc:datafield tag="600" ind1="1" ind2="0">
            <marc:subfield code="a">Bickford, Sarah Gammon,</marc:subfield>
            <marc:subfield code="d">1855-1931.</marc:subfield>
        </marc:datafield>
        <marc:datafield tag="650" ind1=" " ind2="0">
            <marc:subfield code="a">African Americans</marc:subfield>
            <marc:subfield code="z">Montana</marc:subfield>
            <marc:subfield code="z">Virginia City</marc:subfield>
            <marc:subfield code="v">Biography.</marc:subfield>
        </marc:datafield>
        <marc:datafield tag="650" ind1=" " ind2="0">
            <marc:subfield code="a">African American women</marc:subfield>
            <marc:subfield code="z">Montana</marc:subfield>
            <marc:subfield code="z">Virginia City</marc:subfield>
            <marc:subfield code="v">Biography.</marc:subfield>
        </marc:datafield>
        <marc:datafield tag="650" ind1=" " ind2="0">
            <marc:subfield code="a">African American pioneers</marc:subfield>
            <marc:subfield code="z">Montana</marc:subfield>
            <marc:subfield code="z">Virginia City</marc:subfield>
            <marc:subfield code="v">Biography.</marc:subfield>
        </marc:datafield>
        <marc:datafield tag="650" ind1=" " ind2="0">
            <marc:subfield code="a">African American businesspeople</marc:subfield>
            <marc:subfield code="z">Montana</marc:subfield>
            <marc:subfield code="z">Virginia City</marc:subfield>
            <marc:subfield code="v">Biography.</marc:subfield>
        </marc:datafield>
        <marc:datafield tag="650" ind1=" " ind2="0">
            <marc:subfield code="a">Water utilities</marc:subfield>
            <marc:subfield code="z">Montana</marc:subfield>
            <marc:subfield code="z">Virginia City</marc:subfield>
            <marc:subfield code="x">History.</marc:subfield>
        </marc:datafield>
        <marc:datafield tag="651" ind1=" " ind2="0">
            <marc:subfield code="a">Virginia City (Mont.)</marc:subfield>
            <marc:subfield code="v">Biography.</marc:subfield>
        </marc:datafield>
        <marc:datafield tag="650" ind1=" " ind2="0">
            <marc:subfield code="a">Frontier and pioneer life</marc:subfield>
            <marc:subfield code="z">Montana</marc:subfield>
            <marc:subfield code="z">Virginia City.</marc:subfield>
        </marc:datafield>
        <marc:datafield tag="650" ind1=" " ind2="0">
            <marc:subfield code="a">Slaves</marc:subfield>
            <marc:subfield code="z">North Carolina</marc:subfield>
            <marc:subfield code="v">Biography.</marc:subfield>
        </marc:datafield>
        <marc:datafield tag="651" ind1=" " ind2="0">
            <marc:subfield code="a">Montana</marc:subfield>
            <marc:subfield code="x">Race relations.</marc:subfield>
        </marc:datafield>
        <marc:datafield tag="650" ind1=" " ind2="6">
            <marc:subfield code="a">Noirs américains</marc:subfield>
            <marc:subfield code="0">(CaQQLa)201-0068453</marc:subfield>
            <marc:subfield code="z">Montana</marc:subfield>
            <marc:subfield code="0">(CaQQLa)201-0467200</marc:subfield>
            <marc:subfield code="z">Virginia City</marc:subfield>
            <marc:subfield code="0">(CaQQLa)201-0467200</marc:subfield>
            <marc:subfield code="v">Biographies.</marc:subfield>
            <marc:subfield code="0">(CaQQLa)201-0378258</marc:subfield>
        </marc:datafield>
        <marc:datafield tag="650" ind1=" " ind2="6">
            <marc:subfield code="a">Noires américaines</marc:subfield>
            <marc:subfield code="0">(CaQQLa)201-0077643</marc:subfield>
            <marc:subfield code="z">Montana</marc:subfield>
            <marc:subfield code="0">(CaQQLa)201-0467200</marc:subfield>
            <marc:subfield code="z">Virginia City</marc:subfield>
            <marc:subfield code="0">(CaQQLa)201-0467200</marc:subfield>
            <marc:subfield code="v">Biographies.</marc:subfield>
            <marc:subfield code="0">(CaQQLa)201-0378258</marc:subfield>
        </marc:datafield>
        <marc:datafield tag="650" ind1=" " ind2="6">
            <marc:subfield code="a">Pionniers noirs américains</marc:subfield>
            <marc:subfield code="0">(CaQQLa)201-0234900</marc:subfield>
            <marc:subfield code="z">Montana</marc:subfield>
            <marc:subfield code="0">(CaQQLa)201-0467200</marc:subfield>
            <marc:subfield code="z">Virginia City</marc:subfield>
            <marc:subfield code="0">(CaQQLa)201-0467200</marc:subfield>
            <marc:subfield code="v">Biographies.</marc:subfield>
            <marc:subfield code="0">(CaQQLa)201-0378258</marc:subfield>
        </marc:datafield>
        <marc:datafield tag="650" ind1=" " ind2="6">
            <marc:subfield code="a">Gens d'affaires noirs américains</marc:subfield>
            <marc:subfield code="0">(CaQQLa)201-0032219</marc:subfield>
            <marc:subfield code="z">Montana</marc:subfield>
            <marc:subfield code="0">(CaQQLa)201-0467200</marc:subfield>
            <marc:subfield code="z">Virginia City</marc:subfield>
            <marc:subfield code="0">(CaQQLa)201-0467200</marc:subfield>
            <marc:subfield code="v">Biographies.</marc:subfield>
            <marc:subfield code="0">(CaQQLa)201-0378258</marc:subfield>
        </marc:datafield>
        <marc:datafield tag="650" ind1=" " ind2="6">
            <marc:subfield code="a">Services d'eau</marc:subfield>
            <marc:subfield code="0">(CaQQLa)201-0008784</marc:subfield>
            <marc:subfield code="z">Montana</marc:subfield>
            <marc:subfield code="0">(CaQQLa)201-0467200</marc:subfield>
            <marc:subfield code="z">Virginia City</marc:subfield>
            <marc:subfield code="0">(CaQQLa)201-0467200</marc:subfield>
            <marc:subfield code="x">Histoire.</marc:subfield>
            <marc:subfield code="0">(CaQQLa)201-0378888</marc:subfield>
        </marc:datafield>
        <marc:datafield tag="651" ind1=" " ind2="6">
            <marc:subfield code="a">Montana</marc:subfield>
            <marc:subfield code="0">(CaQQLa)201-0113907</marc:subfield>
            <marc:subfield code="x">Relations raciales.</marc:subfield>
            <marc:subfield code="0">(CaQQLa)201-0380212</marc:subfield>
        </marc:datafield>
        <marc:datafield tag="600" ind1="1" ind2="7">
            <marc:subfield code="a">Bickford, Sarah Gammon,</marc:subfield>
            <marc:subfield code="d">1855-1931</marc:subfield>
            <marc:subfield code="2">fast</marc:subfield>
            <marc:subfield code="0">(OCoLC)fst01583751</marc:subfield>
        </marc:datafield>
        <marc:datafield tag="650" ind1=" " ind2="7">
            <marc:subfield code="a">African American businesspeople</marc:subfield>
            <marc:subfield code="2">fast</marc:subfield>
            <marc:subfield code="0">(OCoLC)fst00799064</marc:subfield>
        </marc:datafield>
        <marc:datafield tag="650" ind1=" " ind2="7">
            <marc:subfield code="a">African American pioneers</marc:subfield>
            <marc:subfield code="2">fast</marc:subfield>
            <marc:subfield code="0">(OCoLC)fst00799302</marc:subfield>
        </marc:datafield>
        <marc:datafield tag="650" ind1=" " ind2="7">
            <marc:subfield code="a">African American women</marc:subfield>
            <marc:subfield code="2">fast</marc:subfield>
            <marc:subfield code="0">(OCoLC)fst00799438</marc:subfield>
        </marc:datafield>
        <marc:datafield tag="650" ind1=" " ind2="7">
            <marc:subfield code="a">African Americans</marc:subfield>
            <marc:subfield code="2">fast</marc:subfield>
            <marc:subfield code="0">(OCoLC)fst00799558</marc:subfield>
        </marc:datafield>
        <marc:datafield tag="650" ind1=" " ind2="7">
            <marc:subfield code="a">Frontier and pioneer life</marc:subfield>
            <marc:subfield code="2">fast</marc:subfield>
            <marc:subfield code="0">(OCoLC)fst00935370</marc:subfield>
        </marc:datafield>
        <marc:datafield tag="650" ind1=" " ind2="7">
            <marc:subfield code="a">Race relations</marc:subfield>
            <marc:subfield code="2">fast</marc:subfield>
            <marc:subfield code="0">(OCoLC)fst01086509</marc:subfield>
        </marc:datafield>
        <marc:datafield tag="650" ind1=" " ind2="7">
            <marc:subfield code="a">Slaves</marc:subfield>
            <marc:subfield code="2">fast</marc:subfield>
            <marc:subfield code="0">(OCoLC)fst01120522</marc:subfield>
        </marc:datafield>
        <marc:datafield tag="650" ind1=" " ind2="7">
            <marc:subfield code="a">Water utilities</marc:subfield>
            <marc:subfield code="2">fast</marc:subfield>
            <marc:subfield code="0">(OCoLC)fst01172219</marc:subfield>
        </marc:datafield>
        <marc:datafield tag="651" ind1=" " ind2="7">
            <marc:subfield code="a">Montana</marc:subfield>
            <marc:subfield code="2">fast</marc:subfield>
            <marc:subfield code="0">(OCoLC)fst01207555</marc:subfield>
        </marc:datafield>
        <marc:datafield tag="651" ind1=" " ind2="7">
            <marc:subfield code="a">Montana</marc:subfield>
            <marc:subfield code="z">Virginia City</marc:subfield>
            <marc:subfield code="2">fast</marc:subfield>
            <marc:subfield code="0">(OCoLC)fst01251119</marc:subfield>
        </marc:datafield>
        <marc:datafield tag="651" ind1=" " ind2="7">
            <marc:subfield code="a">North Carolina</marc:subfield>
            <marc:subfield code="2">fast</marc:subfield>
            <marc:subfield code="0">(OCoLC)fst01204304</marc:subfield>
        </marc:datafield>
        <marc:datafield tag="655" ind1=" " ind2="0">
            <marc:subfield code="a">Electronic books.</marc:subfield>
        </marc:datafield>
        <marc:datafield tag="655" ind1=" " ind2="7">
            <marc:subfield code="a">collective biographies.</marc:subfield>
            <marc:subfield code="2">aat</marc:subfield>
            <marc:subfield code="0">(CStmoGRI)aatgf300080111</marc:subfield>
        </marc:datafield>
        <marc:datafield tag="655" ind1=" " ind2="7">
            <marc:subfield code="a">Biographies</marc:subfield>
            <marc:subfield code="2">fast</marc:subfield>
            <marc:subfield code="0">(OCoLC)fst01919896</marc:subfield>
        </marc:datafield>
        <marc:datafield tag="655" ind1=" " ind2="7">
            <marc:subfield code="a">History</marc:subfield>
            <marc:subfield code="2">fast</marc:subfield>
            <marc:subfield code="0">(OCoLC)fst01411628</marc:subfield>
        </marc:datafield>
        <marc:datafield tag="655" ind1=" " ind2="7">
            <marc:subfield code="a">Biographies.</marc:subfield>
            <marc:subfield code="2">lcgft</marc:subfield>
        </marc:datafield>
        <marc:datafield tag="655" ind1=" " ind2="7">
            <marc:subfield code="a">Biographies.</marc:subfield>
            <marc:subfield code="2">rvmgf</marc:subfield>
            <marc:subfield code="0">(CaQQLa)RVMGF-000000519</marc:subfield>
        </marc:datafield>
        <marc:datafield tag="776" ind1="0" ind2="8">
            <marc:subfield code="i">Print version:</marc:subfield>
            <marc:subfield code="a">Arata, Laura Joanne, 1984-</marc:subfield>
            <marc:subfield code="t">Race and the wild west.</marc:subfield>
            <marc:subfield code="b">First edition.</marc:subfield>
            <marc:subfield code="d">Norman : University of Oklahoma Press, 2020</marc:subfield>
            <marc:subfield code="z">9780806164977</marc:subfield>
            <marc:subfield code="w">(DLC)  2020001912</marc:subfield>
            <marc:subfield code="w">(OCoLC)1184766566</marc:subfield>
        </marc:datafield>
        <marc:datafield tag="830" ind1=" " ind2="0">
            <marc:subfield code="a">Race and culture in the American West ;</marc:subfield>
            <marc:subfield code="v">volume 17.</marc:subfield>
        </marc:datafield>
        <marc:datafield tag="049" ind1=" " ind2=" ">
            <marc:subfield code="a">WAUW</marc:subfield>
        </marc:datafield>
    </marc:record>