
    <marc:record>
        <marc:leader>04676cam a2200601 i 4500</marc:leader>
        <marc:controlfield tag="001">1196834847</marc:controlfield>
        <marc:controlfield tag="008">200922t20202020waua    obm  s000 0 eng c</marc:controlfield>
        <marc:controlfield tag="006">m     o  d s      </marc:controlfield>
        <marc:controlfield tag="005">20220321224546.4</marc:controlfield>
        <marc:controlfield tag="007">cr ||||||||||</marc:controlfield>
        <marc:datafield tag="040" ind1=" " ind2=" ">
            <marc:subfield code="a">WAU</marc:subfield>
            <marc:subfield code="b">eng</marc:subfield>
            <marc:subfield code="e">rda</marc:subfield>
            <marc:subfield code="e">pn</marc:subfield>
            <marc:subfield code="c">WAU</marc:subfield>
            <marc:subfield code="d">OCLCF</marc:subfield>
            <marc:subfield code="d">WAU</marc:subfield>
            <marc:subfield code="d">OCLCO</marc:subfield>
            <marc:subfield code="d">WAU</marc:subfield>
            <marc:subfield code="d">OCLCO</marc:subfield>
            <marc:subfield code="d">OCL</marc:subfield>
            <marc:subfield code="d">OCLCO</marc:subfield>
            <marc:subfield code="d">WAU</marc:subfield>
            <marc:subfield code="d">OCLCO</marc:subfield>
        </marc:datafield>
        <marc:datafield tag="042" ind1=" " ind2=" ">
            <marc:subfield code="a">pcc</marc:subfield>
        </marc:datafield>
        <marc:datafield tag="100" ind1="1" ind2=" ">
            <marc:subfield code="a">Barrett, Ilsa,</marc:subfield>
            <marc:subfield code="e">author.</marc:subfield>
        </marc:datafield>
        <marc:datafield tag="245" ind1="1" ind2="0">
            <marc:subfield code="a">Voices of impact :</marc:subfield>
            <marc:subfield code="b">assessing the felt impacts of open-pit gold and copper mining in British Columbia /</marc:subfield>
            <marc:subfield code="c">Ilsa Barrett.</marc:subfield>
        </marc:datafield>
        <marc:datafield tag="264" ind1=" " ind2="1">
            <marc:subfield code="a">[Seattle] :</marc:subfield>
            <marc:subfield code="b">[University of Washington Libraries],</marc:subfield>
            <marc:subfield code="c">[2020]</marc:subfield>
        </marc:datafield>
        <marc:datafield tag="264" ind1=" " ind2="4">
            <marc:subfield code="c">©2020</marc:subfield>
        </marc:datafield>
        <marc:datafield tag="300" ind1=" " ind2=" ">
            <marc:subfield code="a">1 online resource (69 pages) :</marc:subfield>
            <marc:subfield code="b">color illustrations</marc:subfield>
        </marc:datafield>
        <marc:datafield tag="336" ind1=" " ind2=" ">
            <marc:subfield code="a">text</marc:subfield>
            <marc:subfield code="b">txt</marc:subfield>
            <marc:subfield code="2">rdacontent</marc:subfield>
        </marc:datafield>
        <marc:datafield tag="337" ind1=" " ind2=" ">
            <marc:subfield code="a">computer</marc:subfield>
            <marc:subfield code="b">c</marc:subfield>
            <marc:subfield code="2">rdamedia</marc:subfield>
        </marc:datafield>
        <marc:datafield tag="338" ind1=" " ind2=" ">
            <marc:subfield code="a">online resource</marc:subfield>
            <marc:subfield code="b">cr</marc:subfield>
            <marc:subfield code="2">rdacarrier</marc:subfield>
        </marc:datafield>
        <marc:datafield tag="347" ind1=" " ind2=" ">
            <marc:subfield code="a">text file</marc:subfield>
            <marc:subfield code="2">rdaft</marc:subfield>
        </marc:datafield>
        <marc:datafield tag="347" ind1=" " ind2=" ">
            <marc:subfield code="b">PDF</marc:subfield>
        </marc:datafield>
        <marc:datafield tag="502" ind1=" " ind2=" ">
            <marc:subfield code="b">M. Landsc. Arch.</marc:subfield>
            <marc:subfield code="c">University of Washington</marc:subfield>
            <marc:subfield code="d">2020.</marc:subfield>
        </marc:datafield>
        <marc:datafield tag="504" ind1=" " ind2=" ">
            <marc:subfield code="a">Includes bibliographical references (pages 68-69).</marc:subfield>
        </marc:datafield>
        <marc:datafield tag="520" ind1="3" ind2=" ">
            <marc:subfield code="a">Salmon bearing river systems connect communities of Southeast Alaska and Northern British Columbia supporting rich ecological diversity throughout the region. The fishing economies, cultural traditions, and identities of coastal and river communities in this region survive by the health of these rivers. The watersheds support subsistence lifestyles that First Nations have relied on for over 10,000 years. An increase in mineral demand worldwide has led to a rapid growth of open-pit gold and copper mining in Northern BC, which has become known for its lenient policies and regulations toward resource extraction. Contemporary mining practices, inadequate public consultation and insufficient regulation around such large-scale projects leads to polluted waterways and degraded ecosystems, impacting communities who rely on these landscapes. This research utilizes story mapping as a tool to analyze the environmental and social impacts experienced by residents in the watershed and highlight the need for incorporating more human experience and qualitative data into Environmental Impact Assessments (EIA). I used video interviews from community stakeholders throughout the region that share their experience and concerns around open-pit mining, which I analyzed and mapped to generate a more comprehensive understanding of the felt impacts of mining and determine the spatial boundaries of impact. The findings from this research demonstrate the importance of incorporating qualitative data and local knowledge of the environment, including indigenous knowledge in the EIA process to adequately mitigate impacts. It suggests that story mapping could act as a platform to create a resilient community network and could provide a research tool to fill in gaps created by an inadequate review process of public engagement in the EIA.</marc:subfield>
        </marc:datafield>
        <marc:datafield tag="588" ind1="0" ind2=" ">
            <marc:subfield code="a">Online resource; title from PDF title page (ResearchWorks Archive, viewed September 22, 2020).</marc:subfield>
        </marc:datafield>
        <marc:datafield tag="650" ind1=" " ind2="0">
            <marc:subfield code="a">Strip mining</marc:subfield>
            <marc:subfield code="x">Environmental aspects</marc:subfield>
            <marc:subfield code="z">British Columbia.</marc:subfield>
        </marc:datafield>
        <marc:datafield tag="650" ind1=" " ind2="0">
            <marc:subfield code="a">Strip mining</marc:subfield>
            <marc:subfield code="x">Social aspects</marc:subfield>
            <marc:subfield code="z">British Columbia.</marc:subfield>
        </marc:datafield>
        <marc:datafield tag="650" ind1=" " ind2="0">
            <marc:subfield code="a">Environmental impact analysis</marc:subfield>
            <marc:subfield code="z">British Columbia.</marc:subfield>
        </marc:datafield>
        <marc:datafield tag="650" ind1=" " ind2="6">
            <marc:subfield code="a">Mines</marc:subfield>
            <marc:subfield code="0">(CaQQLa)201-0072263</marc:subfield>
            <marc:subfield code="x">Exploitation à ciel ouvert</marc:subfield>
            <marc:subfield code="0">(CaQQLa)201-0072263</marc:subfield>
            <marc:subfield code="x">Aspect de l'environnement</marc:subfield>
            <marc:subfield code="0">(CaQQLa)201-0072263</marc:subfield>
            <marc:subfield code="z">Colombie-Britannique.</marc:subfield>
            <marc:subfield code="0">(CaQQLa)201-0448885</marc:subfield>
        </marc:datafield>
        <marc:datafield tag="650" ind1=" " ind2="6">
            <marc:subfield code="a">Mines</marc:subfield>
            <marc:subfield code="0">(CaQQLa)201-0037123</marc:subfield>
            <marc:subfield code="x">Exploitation à ciel ouvert</marc:subfield>
            <marc:subfield code="0">(CaQQLa)201-0037123</marc:subfield>
            <marc:subfield code="x">Aspect social</marc:subfield>
            <marc:subfield code="0">(CaQQLa)201-0374080</marc:subfield>
            <marc:subfield code="z">Colombie-Britannique.</marc:subfield>
            <marc:subfield code="0">(CaQQLa)201-0448885</marc:subfield>
        </marc:datafield>
        <marc:datafield tag="650" ind1=" " ind2="6">
            <marc:subfield code="a">Environnement</marc:subfield>
            <marc:subfield code="0">(CaQQLa)201-0095627</marc:subfield>
            <marc:subfield code="x">Études d'impact</marc:subfield>
            <marc:subfield code="0">(CaQQLa)201-0095627</marc:subfield>
            <marc:subfield code="z">Colombie-Britannique.</marc:subfield>
            <marc:subfield code="0">(CaQQLa)201-0448885</marc:subfield>
        </marc:datafield>
        <marc:datafield tag="650" ind1=" " ind2="7">
            <marc:subfield code="a">Strip mining</marc:subfield>
            <marc:subfield code="x">Social aspects.</marc:subfield>
            <marc:subfield code="2">fast</marc:subfield>
            <marc:subfield code="0">(OCoLC)fst01135476</marc:subfield>
        </marc:datafield>
        <marc:datafield tag="650" ind1=" " ind2="7">
            <marc:subfield code="a">Strip mining</marc:subfield>
            <marc:subfield code="x">Environmental aspects.</marc:subfield>
            <marc:subfield code="2">fast</marc:subfield>
            <marc:subfield code="0">(OCoLC)fst01135450</marc:subfield>
        </marc:datafield>
        <marc:datafield tag="650" ind1=" " ind2="7">
            <marc:subfield code="a">Environmental impact analysis.</marc:subfield>
            <marc:subfield code="2">fast</marc:subfield>
            <marc:subfield code="0">(OCoLC)fst00913055</marc:subfield>
        </marc:datafield>
        <marc:datafield tag="651" ind1=" " ind2="7">
            <marc:subfield code="a">British Columbia.</marc:subfield>
            <marc:subfield code="2">fast</marc:subfield>
            <marc:subfield code="0">(OCoLC)fst01205265</marc:subfield>
        </marc:datafield>
        <marc:datafield tag="653" ind1="0" ind2=" ">
            <marc:subfield code="a">Environmental Impact Assessment</marc:subfield>
        </marc:datafield>
        <marc:datafield tag="653" ind1="0" ind2=" ">
            <marc:subfield code="a">Open-pit mining</marc:subfield>
        </marc:datafield>
        <marc:datafield tag="653" ind1="0" ind2=" ">
            <marc:subfield code="a">Public engagement</marc:subfield>
        </marc:datafield>
        <marc:datafield tag="653" ind1="0" ind2=" ">
            <marc:subfield code="a">Resource extraction</marc:subfield>
        </marc:datafield>
        <marc:datafield tag="653" ind1="0" ind2=" ">
            <marc:subfield code="a">Story map</marc:subfield>
        </marc:datafield>
        <marc:datafield tag="653" ind1="0" ind2=" ">
            <marc:subfield code="a">Watershed</marc:subfield>
        </marc:datafield>
        <marc:datafield tag="653" ind1="0" ind2=" ">
            <marc:subfield code="a">Environmental management</marc:subfield>
        </marc:datafield>
        <marc:datafield tag="653" ind1="0" ind2=" ">
            <marc:subfield code="a">Design</marc:subfield>
        </marc:datafield>
        <marc:datafield tag="653" ind1="0" ind2=" ">
            <marc:subfield code="a">Landscape architecture</marc:subfield>
        </marc:datafield>
        <marc:datafield tag="655" ind1=" " ind2="2">
            <marc:subfield code="a">Academic Dissertation</marc:subfield>
            <marc:subfield code="0">(DNLM)D019478</marc:subfield>
        </marc:datafield>
        <marc:datafield tag="655" ind1=" " ind2="4">
            <marc:subfield code="a">Theses</marc:subfield>
            <marc:subfield code="x">Landscape architecture.</marc:subfield>
        </marc:datafield>
        <marc:datafield tag="655" ind1=" " ind2="7">
            <marc:subfield code="a">Academic theses.</marc:subfield>
            <marc:subfield code="2">fast</marc:subfield>
            <marc:subfield code="0">(OCoLC)fst01726453</marc:subfield>
        </marc:datafield>
        <marc:datafield tag="655" ind1=" " ind2="7">
            <marc:subfield code="a">Academic theses.</marc:subfield>
            <marc:subfield code="2">lcgft</marc:subfield>
        </marc:datafield>
        <marc:datafield tag="655" ind1=" " ind2="7">
            <marc:subfield code="a">Thèses et écrits académiques.</marc:subfield>
            <marc:subfield code="2">rvmgf</marc:subfield>
            <marc:subfield code="0">(CaQQLa)RVMGF-000001173</marc:subfield>
        </marc:datafield>
        <marc:datafield tag="700" ind1="1" ind2=" ">
            <marc:subfield code="a">Yocom, Kenneth</marc:subfield>
            <marc:subfield code="q">(Kenneth Peter),</marc:subfield>
            <marc:subfield code="d">1973-</marc:subfield>
            <marc:subfield code="e">degree supervisor.</marc:subfield>
            <marc:subfield code="1">http://www.wikidata.org/entity/Q104093612</marc:subfield>
        </marc:datafield>
        <marc:datafield tag="856" ind1="4" ind2="0">
            <marc:subfield code="7">0</marc:subfield>
            <marc:subfield code="u">http://hdl.handle.net/1773/46066</marc:subfield>
        </marc:datafield>
        <marc:datafield tag="049" ind1=" " ind2=" ">
            <marc:subfield code="a">WAUW</marc:subfield>
        </marc:datafield>
    </marc:record>