
    <marc:record>
        <marc:leader>07274cam a2200913 i 4500</marc:leader>
        <marc:controlfield tag="001">1289938074</marc:controlfield>
        <marc:controlfield tag="006">m     o  d        </marc:controlfield>
        <marc:controlfield tag="008">211223m20212021nz a    ob    000 0 eng c</marc:controlfield>
        <marc:controlfield tag="005">20220316235439.7</marc:controlfield>
        <marc:controlfield tag="007">cr mn||||a||||</marc:controlfield>
        <marc:datafield tag="040" ind1=" " ind2=" ">
            <marc:subfield code="a">WAU</marc:subfield>
            <marc:subfield code="b">eng</marc:subfield>
            <marc:subfield code="e">rda</marc:subfield>
            <marc:subfield code="e">pn</marc:subfield>
            <marc:subfield code="c">WAU</marc:subfield>
            <marc:subfield code="d">OCLCO</marc:subfield>
            <marc:subfield code="d">OCLCF</marc:subfield>
            <marc:subfield code="d">OCLCO</marc:subfield>
        </marc:datafield>
        <marc:datafield tag="042" ind1=" " ind2=" ">
            <marc:subfield code="a">pcc</marc:subfield>
        </marc:datafield>
        <marc:datafield tag="043" ind1=" " ind2=" ">
            <marc:subfield code="a">u-nz---</marc:subfield>
        </marc:datafield>
        <marc:datafield tag="046" ind1=" " ind2=" ">
            <marc:subfield code="k">2021-03</marc:subfield>
            <marc:subfield code="l">2021-04</marc:subfield>
            <marc:subfield code="2">edtf</marc:subfield>
        </marc:datafield>
        <marc:datafield tag="050" ind1=" " ind2="4">
            <marc:subfield code="a">KUQ2118</marc:subfield>
            <marc:subfield code="b">.B76 2021</marc:subfield>
        </marc:datafield>
        <marc:datafield tag="100" ind1="1" ind2=" ">
            <marc:subfield code="a">Bromell, David</marc:subfield>
            <marc:subfield code="c">(Educator and policy advisor),</marc:subfield>
            <marc:subfield code="e">author.</marc:subfield>
        </marc:datafield>
        <marc:datafield tag="245" ind1="1" ind2="0">
            <marc:subfield code="a">After Christchurch :</marc:subfield>
            <marc:subfield code="b">hate, harm and the limits of censorship /</marc:subfield>
            <marc:subfield code="c">David Bromell.</marc:subfield>
        </marc:datafield>
        <marc:datafield tag="264" ind1=" " ind2="1">
            <marc:subfield code="a">Wellington, New Zealand :</marc:subfield>
            <marc:subfield code="b">Institute for Governance and Policy Studies, School of Government, Victoria University of Wellington,</marc:subfield>
            <marc:subfield code="c">[2021]</marc:subfield>
        </marc:datafield>
        <marc:datafield tag="300" ind1=" " ind2=" ">
            <marc:subfield code="a">1 online resource (7 volumes) :</marc:subfield>
            <marc:subfield code="b">color illustrations.</marc:subfield>
        </marc:datafield>
        <marc:datafield tag="336" ind1=" " ind2=" ">
            <marc:subfield code="a">text</marc:subfield>
            <marc:subfield code="b">txt</marc:subfield>
            <marc:subfield code="2">rdacontent</marc:subfield>
        </marc:datafield>
        <marc:datafield tag="337" ind1=" " ind2=" ">
            <marc:subfield code="a">computer</marc:subfield>
            <marc:subfield code="b">c</marc:subfield>
            <marc:subfield code="2">rdamedia</marc:subfield>
        </marc:datafield>
        <marc:datafield tag="338" ind1=" " ind2=" ">
            <marc:subfield code="a">online resource</marc:subfield>
            <marc:subfield code="b">cr</marc:subfield>
            <marc:subfield code="2">rdacarrier</marc:subfield>
        </marc:datafield>
        <marc:datafield tag="340" ind1=" " ind2=" ">
            <marc:subfield code="g">color</marc:subfield>
        </marc:datafield>
        <marc:datafield tag="340" ind1=" " ind2=" ">
            <marc:subfield code="g">polychrome</marc:subfield>
            <marc:subfield code="2">rdacc</marc:subfield>
        </marc:datafield>
        <marc:datafield tag="340" ind1=" " ind2=" ">
            <marc:subfield code="p">illustration</marc:subfield>
            <marc:subfield code="2">rdaill</marc:subfield>
        </marc:datafield>
        <marc:datafield tag="347" ind1=" " ind2=" ">
            <marc:subfield code="a">text file</marc:subfield>
            <marc:subfield code="2">rdaft</marc:subfield>
        </marc:datafield>
        <marc:datafield tag="347" ind1=" " ind2=" ">
            <marc:subfield code="b">PDF</marc:subfield>
        </marc:datafield>
        <marc:datafield tag="490" ind1="1" ind2=" ">
            <marc:subfield code="a">Working paper ;</marc:subfield>
            <marc:subfield code="v">21/02-21/08</marc:subfield>
        </marc:datafield>
        <marc:datafield tag="520" ind1=" " ind2=" ">
            <marc:subfield code="a">A series of seven working papers that aims to stimulate debate among policy advisors, legislators, and the public as New Zealand considers regulatory responses to &quot;hate speech&quot; and terrorist and violent extremist content online following the terrorist attack on Christchurch mosques in March 2019 and the Royal Commission of Inquiry that reported in November 2020.</marc:subfield>
        </marc:datafield>
        <marc:datafield tag="505" ind1="0" ind2=" ">
            <marc:subfield code="a">1. The terrorist attack on Christchurch mosques and the Christchurch Call -- 2. &quot;Hate speech&quot; : defining the problem and some key terms -- 3. Challenges in regulating online content -- 4. Regulating harmful communication : current legal frameworks -- 5. Arguments for and against restricting freedom of expression -- 6. Striking a fair balance when regulating harmful communication -- 7. Counter-speech and civility as everyone's responsibility.</marc:subfield>
        </marc:datafield>
        <marc:datafield tag="504" ind1=" " ind2=" ">
            <marc:subfield code="a">Includes bibliographical references.</marc:subfield>
        </marc:datafield>
        <marc:datafield tag="588" ind1="0" ind2=" ">
            <marc:subfield code="a">Online resource; title from PDF title page (Institute for Governance and Policy Studies, viewed on December 23, 2021).</marc:subfield>
        </marc:datafield>
        <marc:datafield tag="650" ind1=" " ind2="0">
            <marc:subfield code="a">Online hate speech</marc:subfield>
            <marc:subfield code="x">Law and legislation</marc:subfield>
            <marc:subfield code="z">New Zealand.</marc:subfield>
        </marc:datafield>
        <marc:datafield tag="650" ind1=" " ind2="0">
            <marc:subfield code="a">Freedom of speech</marc:subfield>
            <marc:subfield code="z">New Zealand.</marc:subfield>
        </marc:datafield>
        <marc:datafield tag="650" ind1=" " ind2="0">
            <marc:subfield code="a">Hate speech</marc:subfield>
            <marc:subfield code="x">Law and legislation</marc:subfield>
            <marc:subfield code="z">New Zealand.</marc:subfield>
        </marc:datafield>
        <marc:datafield tag="650" ind1=" " ind2="0">
            <marc:subfield code="a">Hate crimes</marc:subfield>
            <marc:subfield code="x">Law and legislation</marc:subfield>
            <marc:subfield code="z">New Zealand.</marc:subfield>
        </marc:datafield>
        <marc:datafield tag="650" ind1=" " ind2="0">
            <marc:subfield code="a">Internet and terrorism</marc:subfield>
            <marc:subfield code="z">New Zealand.</marc:subfield>
        </marc:datafield>
        <marc:datafield tag="650" ind1=" " ind2="0">
            <marc:subfield code="a">Internet governance.</marc:subfield>
        </marc:datafield>
        <marc:datafield tag="650" ind1=" " ind2="0">
            <marc:subfield code="a">User-generated content</marc:subfield>
            <marc:subfield code="x">Censorship.</marc:subfield>
        </marc:datafield>
        <marc:datafield tag="650" ind1=" " ind2="0">
            <marc:subfield code="a">Social media</marc:subfield>
            <marc:subfield code="x">Censorship.</marc:subfield>
        </marc:datafield>
        <marc:datafield tag="630" ind1="0" ind2="0">
            <marc:subfield code="a">Christchurch Call.</marc:subfield>
        </marc:datafield>
        <marc:datafield tag="650" ind1=" " ind2="0">
            <marc:subfield code="a">Christchurch Mosque Shootings, Christchurch, N.Z., 2019.</marc:subfield>
        </marc:datafield>
        <marc:datafield tag="650" ind1=" " ind2="6">
            <marc:subfield code="a">Liberté d'expression</marc:subfield>
            <marc:subfield code="0">(CaQQLa)201-0022441</marc:subfield>
            <marc:subfield code="z">Nouvelle-Zélande.</marc:subfield>
            <marc:subfield code="0">(CaQQLa)201-0493133</marc:subfield>
        </marc:datafield>
        <marc:datafield tag="650" ind1=" " ind2="6">
            <marc:subfield code="a">Internet et terrorisme</marc:subfield>
            <marc:subfield code="0">(CaQQLa)000270268</marc:subfield>
            <marc:subfield code="z">Nouvelle-Zélande.</marc:subfield>
            <marc:subfield code="0">(CaQQLa)201-0493133</marc:subfield>
        </marc:datafield>
        <marc:datafield tag="650" ind1=" " ind2="6">
            <marc:subfield code="a">Gouvernance d'Internet.</marc:subfield>
            <marc:subfield code="0">(CaQQLa)000265075</marc:subfield>
        </marc:datafield>
        <marc:datafield tag="650" ind1=" " ind2="6">
            <marc:subfield code="a">Contenu créé par l'utilisateur</marc:subfield>
            <marc:subfield code="0">(CaQQLa)000258926</marc:subfield>
            <marc:subfield code="x">Censure.</marc:subfield>
            <marc:subfield code="0">(CaQQLa)201-0378852</marc:subfield>
        </marc:datafield>
        <marc:datafield tag="650" ind1=" " ind2="6">
            <marc:subfield code="a">Médias sociaux</marc:subfield>
            <marc:subfield code="0">(CaQQLa)000258927</marc:subfield>
            <marc:subfield code="x">Censure.</marc:subfield>
            <marc:subfield code="0">(CaQQLa)201-0378852</marc:subfield>
        </marc:datafield>
        <marc:datafield tag="647" ind1=" " ind2="7">
            <marc:subfield code="a">Christchurch Mosque Shootings</marc:subfield>
            <marc:subfield code="c">(Christchurch, New Zealand :</marc:subfield>
            <marc:subfield code="d">2019)</marc:subfield>
            <marc:subfield code="2">fast</marc:subfield>
            <marc:subfield code="0">(OCoLC)fst02007190</marc:subfield>
        </marc:datafield>
        <marc:datafield tag="650" ind1=" " ind2="7">
            <marc:subfield code="a">Freedom of speech.</marc:subfield>
            <marc:subfield code="2">fast</marc:subfield>
            <marc:subfield code="0">(OCoLC)fst00934044</marc:subfield>
        </marc:datafield>
        <marc:datafield tag="650" ind1=" " ind2="7">
            <marc:subfield code="a">Hate crimes</marc:subfield>
            <marc:subfield code="x">Law and legislation.</marc:subfield>
            <marc:subfield code="2">fast</marc:subfield>
            <marc:subfield code="0">(OCoLC)fst00951876</marc:subfield>
        </marc:datafield>
        <marc:datafield tag="650" ind1=" " ind2="7">
            <marc:subfield code="a">Hate speech</marc:subfield>
            <marc:subfield code="x">Law and legislation.</marc:subfield>
            <marc:subfield code="2">fast</marc:subfield>
            <marc:subfield code="0">(OCoLC)fst01909650</marc:subfield>
        </marc:datafield>
        <marc:datafield tag="650" ind1=" " ind2="7">
            <marc:subfield code="a">Internet and terrorism.</marc:subfield>
            <marc:subfield code="2">fast</marc:subfield>
            <marc:subfield code="0">(OCoLC)fst01746230</marc:subfield>
        </marc:datafield>
        <marc:datafield tag="650" ind1=" " ind2="7">
            <marc:subfield code="a">Internet governance.</marc:subfield>
            <marc:subfield code="2">fast</marc:subfield>
            <marc:subfield code="0">(OCoLC)fst01746940</marc:subfield>
        </marc:datafield>
        <marc:datafield tag="650" ind1=" " ind2="7">
            <marc:subfield code="a">Online hate speech</marc:subfield>
            <marc:subfield code="x">Law and legislation.</marc:subfield>
            <marc:subfield code="2">fast</marc:subfield>
            <marc:subfield code="0">(OCoLC)fst01909976</marc:subfield>
        </marc:datafield>
        <marc:datafield tag="651" ind1=" " ind2="7">
            <marc:subfield code="a">New Zealand.</marc:subfield>
            <marc:subfield code="2">fast</marc:subfield>
            <marc:subfield code="0">(OCoLC)fst01204542</marc:subfield>
        </marc:datafield>
        <marc:datafield tag="710" ind1="2" ind2=" ">
            <marc:subfield code="a">Victoria University of Wellington.</marc:subfield>
            <marc:subfield code="b">Institute for Governance and Policy Studies,</marc:subfield>
            <marc:subfield code="e">issuing body,</marc:subfield>
            <marc:subfield code="e">publisher.</marc:subfield>
        </marc:datafield>
        <marc:datafield tag="740" ind1="0" ind2="2">
            <marc:subfield code="a">Terrorist attack on Christchurch mosques and the Christchurch Call.</marc:subfield>
        </marc:datafield>
        <marc:datafield tag="740" ind1="0" ind2="2">
            <marc:subfield code="a">&quot;Hate speech&quot; : defining the problem and some key terms.</marc:subfield>
        </marc:datafield>
        <marc:datafield tag="740" ind1="0" ind2="2">
            <marc:subfield code="a">Challenges in regulating online content.</marc:subfield>
        </marc:datafield>
        <marc:datafield tag="740" ind1="0" ind2="2">
            <marc:subfield code="a">Regulating harmful communication : current legal frameworks.</marc:subfield>
        </marc:datafield>
        <marc:datafield tag="740" ind1="0" ind2="2">
            <marc:subfield code="a">Arguments for and against restricting freedom of expression.</marc:subfield>
        </marc:datafield>
        <marc:datafield tag="740" ind1="0" ind2="2">
            <marc:subfield code="a">Striking a fair balance when regulating harmful communication.</marc:subfield>
        </marc:datafield>
        <marc:datafield tag="740" ind1="0" ind2="2">
            <marc:subfield code="a">Counter-speech and civility as everyone's responsibility.</marc:subfield>
        </marc:datafield>
        <marc:datafield tag="830" ind1=" " ind2="0">
            <marc:subfield code="a">Working paper (Victoria University of Wellington. Institute for Governance and Policy Studies) ;</marc:subfield>
            <marc:subfield code="v">21/02-21/08.</marc:subfield>
        </marc:datafield>
        <marc:datafield tag="856" ind1="4" ind2="0">
            <marc:subfield code="3">Victoria University of Wellington Institute for Governance and Policy Studies - v. 1</marc:subfield>
            <marc:subfield code="u">https://www.wgtn.ac.nz/__data/assets/pdf_file/0006/1922640/WP-21-02-Christchurch-terrorist-attack-and-Christchurch-Call.pdf</marc:subfield>
        </marc:datafield>
        <marc:datafield tag="856" ind1="4" ind2="0">
            <marc:subfield code="3">National Library of New Zealand National Digital Heritage Archive - v. 1</marc:subfield>
            <marc:subfield code="u">https://ndhadeliver.natlib.govt.nz/delivery/DeliveryManagerServlet?dps_pid=IE77904106</marc:subfield>
        </marc:datafield>
        <marc:datafield tag="856" ind1="4" ind2="0">
            <marc:subfield code="3">Victoria University of Wellington Institute for Governance and Policy Studies - v. 2</marc:subfield>
            <marc:subfield code="u">https://www.wgtn.ac.nz/__data/assets/pdf_file/0004/1924312/WP-21-03-hate-speech-definitions-and-key-terms.pdf</marc:subfield>
        </marc:datafield>
        <marc:datafield tag="856" ind1="4" ind2="0">
            <marc:subfield code="3">National Library of New Zealand National Digital Heritage Archive - v. 2</marc:subfield>
            <marc:subfield code="u">https://ndhadeliver.natlib.govt.nz/delivery/DeliveryManagerServlet?dps_pid=IE77904111</marc:subfield>
        </marc:datafield>
        <marc:datafield tag="856" ind1="4" ind2="0">
            <marc:subfield code="3">Victoria University of Wellington Institute for Governance and Policy Studies - v. 3</marc:subfield>
            <marc:subfield code="u">https://www.wgtn.ac.nz/__data/assets/pdf_file/0008/1925846/WP-21-04-challenges-in-regulating-online-content.pdf</marc:subfield>
        </marc:datafield>
        <marc:datafield tag="856" ind1="4" ind2="0">
            <marc:subfield code="3">National Library of New Zealand National Digital Heritage Archive - v. 3</marc:subfield>
            <marc:subfield code="u">https://ndhadeliver.natlib.govt.nz/delivery/DeliveryManagerServlet?dps_pid=IE77904115</marc:subfield>
        </marc:datafield>
        <marc:datafield tag="856" ind1="4" ind2="0">
            <marc:subfield code="3">Victoria University of Wellington Institute for Governance and Policy Studies - v. 4</marc:subfield>
            <marc:subfield code="u">https://www.wgtn.ac.nz/__data/assets/pdf_file/0008/1926593/WP-21-05-regulating-harmful-communication-legal-frameworks.pdf</marc:subfield>
        </marc:datafield>
        <marc:datafield tag="856" ind1="4" ind2="0">
            <marc:subfield code="3">National Library of New Zealand National Digital Heritage Archive - v. 4</marc:subfield>
            <marc:subfield code="u">https://ndhadeliver.natlib.govt.nz/delivery/DeliveryManagerServlet?dps_pid=IE77904118</marc:subfield>
        </marc:datafield>
        <marc:datafield tag="856" ind1="4" ind2="0">
            <marc:subfield code="3">Victoria University of Wellington Institute for Governance and Policy Studies - v. 5</marc:subfield>
            <marc:subfield code="u">https://www.wgtn.ac.nz/__data/assets/pdf_file/0003/1930719/WP-21-06-arguments-for-and-against-restricting-freedom-of-expression.pdf</marc:subfield>
        </marc:datafield>
        <marc:datafield tag="856" ind1="4" ind2="0">
            <marc:subfield code="3">National Library of New Zealand National Digital Heritage Archive - v. 5</marc:subfield>
            <marc:subfield code="u">https://ndhadeliver.natlib.govt.nz/delivery/DeliveryManagerServlet?dps_pid=IE77904122</marc:subfield>
        </marc:datafield>
        <marc:datafield tag="856" ind1="4" ind2="0">
            <marc:subfield code="3">Victoria University of Wellington Institute for Governance and Policy Studies - v. 6</marc:subfield>
            <marc:subfield code="u">https://www.wgtn.ac.nz/__data/assets/pdf_file/0007/1932766/WP-21-06-striking-a-fair-balance-when-regulating-harmful-communication.pdf</marc:subfield>
        </marc:datafield>
        <marc:datafield tag="856" ind1="4" ind2="0">
            <marc:subfield code="3">National Library of New Zealand National Digital Heritage Archive - v. 6</marc:subfield>
            <marc:subfield code="u">https://ndhadeliver.natlib.govt.nz/delivery/DeliveryManagerServlet?dps_pid=IE77904125</marc:subfield>
        </marc:datafield>
        <marc:datafield tag="856" ind1="4" ind2="0">
            <marc:subfield code="3">Victoria University of Wellington Institute for Governance and Policy Studies - v. 7</marc:subfield>
            <marc:subfield code="u">https://www.wgtn.ac.nz/__data/assets/pdf_file/0004/1935058/WP-21-08-Counterspeech-and-civility-as-everyones-responsibility.pdf</marc:subfield>
        </marc:datafield>
        <marc:datafield tag="856" ind1="4" ind2="0">
            <marc:subfield code="3">National Library of New Zealand National Digital Heritage Archive - v. 7</marc:subfield>
            <marc:subfield code="u">https://ndhadeliver.natlib.govt.nz/delivery/DeliveryManagerServlet?dps_pid=IE77904129</marc:subfield>
        </marc:datafield>
        <marc:datafield tag="049" ind1=" " ind2=" ">
            <marc:subfield code="a">WAUW</marc:subfield>
        </marc:datafield>
    </marc:record>