
    <marc:record>
        <marc:leader>03850cam a2200445 i 4500</marc:leader>
        <marc:controlfield tag="001">1288623721</marc:controlfield>
        <marc:controlfield tag="008">211215s2020    ru c     b    000 0 rus c</marc:controlfield>
        <marc:controlfield tag="005">20220811204428.6</marc:controlfield>
        <marc:datafield tag="040" ind1=" " ind2=" ">
            <marc:subfield code="a">WAU</marc:subfield>
            <marc:subfield code="b">eng</marc:subfield>
            <marc:subfield code="e">rda</marc:subfield>
            <marc:subfield code="c">WAU</marc:subfield>
            <marc:subfield code="d">OCLCF</marc:subfield>
            <marc:subfield code="d">OCLCO</marc:subfield>
            <marc:subfield code="d">OBE</marc:subfield>
            <marc:subfield code="d">IUL</marc:subfield>
            <marc:subfield code="d">OCLCO</marc:subfield>
            <marc:subfield code="d">IUL</marc:subfield>
            <marc:subfield code="d">OCL</marc:subfield>
        </marc:datafield>
        <marc:datafield tag="066" ind1=" " ind2=" ">
            <marc:subfield code="c">(N</marc:subfield>
        </marc:datafield>
        <marc:datafield tag="020" ind1=" " ind2=" ">
            <marc:subfield code="a">9785976543942</marc:subfield>
        </marc:datafield>
        <marc:datafield tag="020" ind1=" " ind2=" ">
            <marc:subfield code="a">5976543944</marc:subfield>
        </marc:datafield>
        <marc:datafield tag="042" ind1=" " ind2=" ">
            <marc:subfield code="a">pcc</marc:subfield>
        </marc:datafield>
        <marc:datafield tag="043" ind1=" " ind2=" ">
            <marc:subfield code="a">e-ru---</marc:subfield>
        </marc:datafield>
        <marc:datafield tag="050" ind1=" " ind2="4">
            <marc:subfield code="a">PS3535.A547</marc:subfield>
            <marc:subfield code="b">Z673 2020</marc:subfield>
        </marc:datafield>
        <marc:datafield tag="100" ind1="1" ind2=" ">
            <marc:subfield code="6">880-01</marc:subfield>
            <marc:subfield code="a">Grigorovskai︠a︡, A. V.</marc:subfield>
            <marc:subfield code="q">(Anastasii︠a︡ Vasilʹevna),</marc:subfield>
            <marc:subfield code="e">author.</marc:subfield>
        </marc:datafield>
        <marc:datafield tag="245" ind1="1" ind2="0">
            <marc:subfield code="6">880-02</marc:subfield>
            <marc:subfield code="a">Khudozhestvennoe tvorchestvo Aĭn Rėnd v russkom kontekste :</marc:subfield>
            <marc:subfield code="b">monografii︠a︡ /</marc:subfield>
            <marc:subfield code="c">A.V. Grigorovskai︠a︡.</marc:subfield>
        </marc:datafield>
        <marc:datafield tag="264" ind1=" " ind2="1">
            <marc:subfield code="6">880-03</marc:subfield>
            <marc:subfield code="a">Moskva :</marc:subfield>
            <marc:subfield code="b">Izdatelʹstvo &quot;Flinta&quot;,</marc:subfield>
            <marc:subfield code="c">2020.</marc:subfield>
        </marc:datafield>
        <marc:datafield tag="300" ind1=" " ind2=" ">
            <marc:subfield code="a">266 pages :</marc:subfield>
            <marc:subfield code="b">portrait ;</marc:subfield>
            <marc:subfield code="c">21 cm</marc:subfield>
        </marc:datafield>
        <marc:datafield tag="336" ind1=" " ind2=" ">
            <marc:subfield code="a">text</marc:subfield>
            <marc:subfield code="b">txt</marc:subfield>
            <marc:subfield code="2">rdacontent</marc:subfield>
        </marc:datafield>
        <marc:datafield tag="337" ind1=" " ind2=" ">
            <marc:subfield code="a">unmediated</marc:subfield>
            <marc:subfield code="b">n</marc:subfield>
            <marc:subfield code="2">rdamedia</marc:subfield>
        </marc:datafield>
        <marc:datafield tag="338" ind1=" " ind2=" ">
            <marc:subfield code="a">volume</marc:subfield>
            <marc:subfield code="b">nc</marc:subfield>
            <marc:subfield code="2">rdacarrier</marc:subfield>
        </marc:datafield>
        <marc:datafield tag="500" ind1=" " ind2=" ">
            <marc:subfield code="6">880-04</marc:subfield>
            <marc:subfield code="a">&quot;Nauchnoe izdanie&quot;--Colophon.</marc:subfield>
        </marc:datafield>
        <marc:datafield tag="504" ind1=" " ind2=" ">
            <marc:subfield code="a">Includes bibliographical references (pages 240-265).</marc:subfield>
        </marc:datafield>
        <marc:datafield tag="520" ind1=" " ind2=" ">
            <marc:subfield code="6">880-05</marc:subfield>
            <marc:subfield code="a">Monografii︠a︡ osveshchaet ne izuchennyĭ v Rossii rakurs tvorchestva amerikanskoĭ pisatelʹnit︠s︡y i filosofa russkogo proiskhozhdenii︠a︡ Aĭn Rėnd (nastoi︠a︡shchee imi︠a︡--Alisa Rozenbaum). Tradit︠s︡ionno otnosimoe k amerikanskomu po svoeĭ mentalʹnosti, ee khudozhestvennoe tvorchestvo na samom dele predstavli︠a︡et soboĭ slozhnoe sochetanie russkogo i amerikanskogo mirovozzrencheskikh plastov, vkli︠u︡chai︠a︡sʹ v kontekst filosofskikh i khudozhestvennykh poiskov v Rossii XIX i rubezha XIX-XX vekov. Dli︠a︡ spet︠s︡ialistov po russkoĭ i zarubezhnoĭ literature, studentov-filologov i vsekh, kto interesuetsi︠a︡ problemami russkoĭ i amerikanskoĭ literatury.</marc:subfield>
        </marc:datafield>
        <marc:datafield tag="600" ind1="1" ind2="0">
            <marc:subfield code="a">Rand, Ayn</marc:subfield>
            <marc:subfield code="x">Criticism and interpretation.</marc:subfield>
        </marc:datafield>
        <marc:datafield tag="600" ind1="1" ind2="0">
            <marc:subfield code="a">Rand, Ayn</marc:subfield>
            <marc:subfield code="x">Appreciation</marc:subfield>
            <marc:subfield code="z">Russia (Federation)</marc:subfield>
        </marc:datafield>
        <marc:datafield tag="600" ind1="1" ind2="7">
            <marc:subfield code="a">Rand, Ayn.</marc:subfield>
            <marc:subfield code="2">fast</marc:subfield>
            <marc:subfield code="0">(OCoLC)fst00018052</marc:subfield>
        </marc:datafield>
        <marc:datafield tag="650" ind1=" " ind2="7">
            <marc:subfield code="a">Art appreciation.</marc:subfield>
            <marc:subfield code="2">fast</marc:subfield>
            <marc:subfield code="0">(OCoLC)fst00815447</marc:subfield>
        </marc:datafield>
        <marc:datafield tag="651" ind1=" " ind2="7">
            <marc:subfield code="a">Russia (Federation)</marc:subfield>
            <marc:subfield code="2">fast</marc:subfield>
            <marc:subfield code="0">(OCoLC)fst01262050</marc:subfield>
        </marc:datafield>
        <marc:datafield tag="655" ind1=" " ind2="7">
            <marc:subfield code="a">Literary criticism.</marc:subfield>
            <marc:subfield code="2">fast</marc:subfield>
            <marc:subfield code="0">(OCoLC)fst01986215</marc:subfield>
        </marc:datafield>
        <marc:datafield tag="655" ind1=" " ind2="7">
            <marc:subfield code="a">Criticism, interpretation, etc.</marc:subfield>
            <marc:subfield code="2">fast</marc:subfield>
            <marc:subfield code="0">(OCoLC)fst01411635</marc:subfield>
        </marc:datafield>
        <marc:datafield tag="655" ind1=" " ind2="7">
            <marc:subfield code="a">Literary criticism.</marc:subfield>
            <marc:subfield code="2">lcgft</marc:subfield>
        </marc:datafield>
        <marc:datafield tag="655" ind1=" " ind2="7">
            <marc:subfield code="a">Critiques littéraires.</marc:subfield>
            <marc:subfield code="2">rvmgf</marc:subfield>
            <marc:subfield code="0">(CaQQLa)RVMGF-000001939</marc:subfield>
        </marc:datafield>
        <marc:datafield tag="880" ind1="1" ind2=" ">
            <marc:subfield code="6">100-01/(N</marc:subfield>
            <marc:subfield code="a">Григоровская, А. В.</marc:subfield>
            <marc:subfield code="q">(Анастасия Васильевна),</marc:subfield>
            <marc:subfield code="e">author.</marc:subfield>
        </marc:datafield>
        <marc:datafield tag="880" ind1="1" ind2="0">
            <marc:subfield code="6">245-02/(N</marc:subfield>
            <marc:subfield code="a">Художественное творчество Айн Рэнд в русском контексте :</marc:subfield>
            <marc:subfield code="b">монография /</marc:subfield>
            <marc:subfield code="c">А.В. Григоровская.</marc:subfield>
        </marc:datafield>
        <marc:datafield tag="880" ind1=" " ind2="1">
            <marc:subfield code="6">264-03/(N</marc:subfield>
            <marc:subfield code="a">Москва :</marc:subfield>
            <marc:subfield code="b">Издательство &quot;Флинта&quot;,</marc:subfield>
            <marc:subfield code="c">2020.</marc:subfield>
        </marc:datafield>
        <marc:datafield tag="880" ind1=" " ind2=" ">
            <marc:subfield code="6">500-04/(N</marc:subfield>
            <marc:subfield code="a">&quot;Научное издание&quot;--Colophon.</marc:subfield>
        </marc:datafield>
        <marc:datafield tag="880" ind1=" " ind2=" ">
            <marc:subfield code="6">520-05/(N</marc:subfield>
            <marc:subfield code="a">Монография освещает не изученный в России ракурс творчества американской писательницы и философа русского происхождения Айн Рэнд (настоящее имя--Алиса Розенбаум). Традиционно относимое к американскому по своей ментальности, ее художественное творчество на самом деле представляет собой сложное сочетание русского и американского мировоззренческих пластов, включаясь в контекст философских и художественных поисков в России XIX и рубежа XIX-XX веков. Для специалистов по русской и зарубежной литературе, студентов-филологов и всех, кто интересуется проблемами русской и американской литературы.</marc:subfield>
        </marc:datafield>
        <marc:datafield tag="049" ind1=" " ind2=" ">
            <marc:subfield code="a">WAUW</marc:subfield>
        </marc:datafield>
    </marc:record>