
    <marc:record>
        <marc:leader>01491cam a2200373 i 4500</marc:leader>
        <marc:controlfield tag="001">1342126635</marc:controlfield>
        <marc:controlfield tag="008">220825s2021    ir            000 f per c</marc:controlfield>
        <marc:controlfield tag="005">20221025112706.7</marc:controlfield>
        <marc:datafield tag="040" ind1=" " ind2=" ">
            <marc:subfield code="a">WAU</marc:subfield>
            <marc:subfield code="b">eng</marc:subfield>
            <marc:subfield code="e">rda</marc:subfield>
            <marc:subfield code="c">WAU</marc:subfield>
            <marc:subfield code="d">OCLCF</marc:subfield>
        </marc:datafield>
        <marc:datafield tag="066" ind1=" " ind2=" ">
            <marc:subfield code="c">(3</marc:subfield>
            <marc:subfield code="c">(4</marc:subfield>
        </marc:datafield>
        <marc:datafield tag="020" ind1=" " ind2=" ">
            <marc:subfield code="a">9786008351450</marc:subfield>
        </marc:datafield>
        <marc:datafield tag="020" ind1=" " ind2=" ">
            <marc:subfield code="a">6008351452</marc:subfield>
        </marc:datafield>
        <marc:datafield tag="042" ind1=" " ind2=" ">
            <marc:subfield code="a">pcc</marc:subfield>
        </marc:datafield>
        <marc:datafield tag="050" ind1=" " ind2="4">
            <marc:subfield code="a">PK6561.G75</marc:subfield>
            <marc:subfield code="b">K49 2021</marc:subfield>
        </marc:datafield>
        <marc:datafield tag="100" ind1="1" ind2=" ">
            <marc:subfield code="6">880-01</marc:subfield>
            <marc:subfield code="a">Gulbū, Farīdah,</marc:subfield>
            <marc:subfield code="e">author.</marc:subfield>
        </marc:datafield>
        <marc:datafield tag="245" ind1="1" ind2="0">
            <marc:subfield code="6">880-02</marc:subfield>
            <marc:subfield code="a">Khusraw va Shīrīn /</marc:subfield>
            <marc:subfield code="c">Farīdah Gulbū.</marc:subfield>
        </marc:datafield>
        <marc:datafield tag="246" ind1="1" ind2=" ">
            <marc:subfield code="6">880-03</marc:subfield>
            <marc:subfield code="i">Subtitle on cover:</marc:subfield>
            <marc:subfield code="a">Rumān</marc:subfield>
        </marc:datafield>
        <marc:datafield tag="250" ind1=" " ind2=" ">
            <marc:subfield code="6">880-04</marc:subfield>
            <marc:subfield code="a">Chāp-i avval.</marc:subfield>
        </marc:datafield>
        <marc:datafield tag="264" ind1=" " ind2="1">
            <marc:subfield code="6">880-05</marc:subfield>
            <marc:subfield code="a">Tihrān :</marc:subfield>
            <marc:subfield code="b">Intishārāt-i Īrānʹshināsī,</marc:subfield>
            <marc:subfield code="c">1400 [2021 or 2022]</marc:subfield>
        </marc:datafield>
        <marc:datafield tag="300" ind1=" " ind2=" ">
            <marc:subfield code="a">192 pages</marc:subfield>
        </marc:datafield>
        <marc:datafield tag="336" ind1=" " ind2=" ">
            <marc:subfield code="a">text</marc:subfield>
            <marc:subfield code="b">txt</marc:subfield>
            <marc:subfield code="2">rdacontent</marc:subfield>
        </marc:datafield>
        <marc:datafield tag="337" ind1=" " ind2=" ">
            <marc:subfield code="a">unmediated</marc:subfield>
            <marc:subfield code="b">n</marc:subfield>
            <marc:subfield code="2">rdamedia</marc:subfield>
        </marc:datafield>
        <marc:datafield tag="338" ind1=" " ind2=" ">
            <marc:subfield code="a">volume</marc:subfield>
            <marc:subfield code="b">nc</marc:subfield>
            <marc:subfield code="2">rdacarrier</marc:subfield>
        </marc:datafield>
        <marc:datafield tag="500" ind1=" " ind2=" ">
            <marc:subfield code="a">Novel.</marc:subfield>
        </marc:datafield>
        <marc:datafield tag="655" ind1=" " ind2="7">
            <marc:subfield code="a">Novels.</marc:subfield>
            <marc:subfield code="2">fast</marc:subfield>
            <marc:subfield code="0">(OCoLC)fst01921742</marc:subfield>
        </marc:datafield>
        <marc:datafield tag="655" ind1=" " ind2="7">
            <marc:subfield code="a">Novels.</marc:subfield>
            <marc:subfield code="2">lcgft</marc:subfield>
        </marc:datafield>
        <marc:datafield tag="700" ind1="0" ind2=" ">
            <marc:subfield code="6">880-06</marc:subfield>
            <marc:subfield code="i">Novelization of (work):</marc:subfield>
            <marc:subfield code="a">Niẓāmī Ganjavī,</marc:subfield>
            <marc:subfield code="d">1140 or 1141-1202 or 1203.</marc:subfield>
            <marc:subfield code="t">Khusraw va Shīrīn.</marc:subfield>
        </marc:datafield>
        <marc:datafield tag="880" ind1="1" ind2=" ">
            <marc:subfield code="6">100-01/(4/r</marc:subfield>
            <marc:subfield code="a">گلبو، فريده،</marc:subfield>
            <marc:subfield code="e">author.</marc:subfield>
        </marc:datafield>
        <marc:datafield tag="880" ind1="1" ind2="0">
            <marc:subfield code="6">245-02/(3/r</marc:subfield>
            <marc:subfield code="a">خسرو و شيرين /</marc:subfield>
            <marc:subfield code="c">فريده گلبو.</marc:subfield>
        </marc:datafield>
        <marc:datafield tag="880" ind1="1" ind2=" ">
            <marc:subfield code="6">246-03/(3/r</marc:subfield>
            <marc:subfield code="i">Subtitle on cover:</marc:subfield>
            <marc:subfield code="a">رمان</marc:subfield>
        </marc:datafield>
        <marc:datafield tag="880" ind1=" " ind2=" ">
            <marc:subfield code="6">250-04/(4/r</marc:subfield>
            <marc:subfield code="a">چاپ اول.</marc:subfield>
        </marc:datafield>
        <marc:datafield tag="880" ind1=" " ind2="1">
            <marc:subfield code="6">264-05/(3/r</marc:subfield>
            <marc:subfield code="a">تهران :</marc:subfield>
            <marc:subfield code="b">انتشارات ايران‌شناسى،</marc:subfield>
            <marc:subfield code="c">1400 [2021 or 2022]</marc:subfield>
        </marc:datafield>
        <marc:datafield tag="880" ind1="0" ind2=" ">
            <marc:subfield code="6">700-06/(3/r</marc:subfield>
            <marc:subfield code="i">Novelization of (work):</marc:subfield>
            <marc:subfield code="a">نظامى گنجوى،</marc:subfield>
            <marc:subfield code="d">1140 or 1141-1202 or 1203.</marc:subfield>
            <marc:subfield code="t">خسرو و شيرين.</marc:subfield>
        </marc:datafield>
        <marc:datafield tag="049" ind1=" " ind2=" ">
            <marc:subfield code="a">WAUW</marc:subfield>
        </marc:datafield>
    </marc:record>