
    <marc:record>
        <marc:leader>01196cam a2200325 i 4500</marc:leader>
        <marc:controlfield tag="001">1306953247</marc:controlfield>
        <marc:controlfield tag="008">220331s2020    ne ab         000 0 tur c</marc:controlfield>
        <marc:controlfield tag="005">20220705124028.8</marc:controlfield>
        <marc:datafield tag="040" ind1=" " ind2=" ">
            <marc:subfield code="a">WAU</marc:subfield>
            <marc:subfield code="b">eng</marc:subfield>
            <marc:subfield code="e">rda</marc:subfield>
            <marc:subfield code="c">WAU</marc:subfield>
            <marc:subfield code="d">OCLCO</marc:subfield>
            <marc:subfield code="d">OCLCF</marc:subfield>
            <marc:subfield code="d">STF</marc:subfield>
        </marc:datafield>
        <marc:datafield tag="020" ind1=" " ind2=" ">
            <marc:subfield code="a">9786051911731</marc:subfield>
        </marc:datafield>
        <marc:datafield tag="020" ind1=" " ind2=" ">
            <marc:subfield code="a">6051911731</marc:subfield>
        </marc:datafield>
        <marc:datafield tag="042" ind1=" " ind2=" ">
            <marc:subfield code="a">pcc</marc:subfield>
        </marc:datafield>
        <marc:datafield tag="043" ind1=" " ind2=" ">
            <marc:subfield code="a">a-tu---</marc:subfield>
        </marc:datafield>
        <marc:datafield tag="050" ind1=" " ind2="4">
            <marc:subfield code="a">DS51.I34</marc:subfield>
            <marc:subfield code="b">H86 2020</marc:subfield>
        </marc:datafield>
        <marc:datafield tag="100" ind1="1" ind2=" ">
            <marc:subfield code="a">Hun, Mücahit Özden,</marc:subfield>
            <marc:subfield code="d">1958-</marc:subfield>
            <marc:subfield code="e">author.</marc:subfield>
        </marc:datafield>
        <marc:datafield tag="245" ind1="1" ind2="0">
            <marc:subfield code="a">Iğdır siyasi tarihi (1945-1965) /</marc:subfield>
            <marc:subfield code="c">Mücahit Özden Hun</marc:subfield>
        </marc:datafield>
        <marc:datafield tag="250" ind1=" " ind2=" ">
            <marc:subfield code="a">İkinci baskı</marc:subfield>
        </marc:datafield>
        <marc:datafield tag="264" ind1=" " ind2="1">
            <marc:subfield code="a">Ankara :</marc:subfield>
            <marc:subfield code="b">Alter Yayıncılık,</marc:subfield>
            <marc:subfield code="c">2020</marc:subfield>
        </marc:datafield>
        <marc:datafield tag="300" ind1=" " ind2=" ">
            <marc:subfield code="a">416 pages :</marc:subfield>
            <marc:subfield code="b">illustrations, map ;</marc:subfield>
            <marc:subfield code="c">21 cm</marc:subfield>
        </marc:datafield>
        <marc:datafield tag="336" ind1=" " ind2=" ">
            <marc:subfield code="a">text</marc:subfield>
            <marc:subfield code="b">txt</marc:subfield>
            <marc:subfield code="2">rdacontent</marc:subfield>
        </marc:datafield>
        <marc:datafield tag="337" ind1=" " ind2=" ">
            <marc:subfield code="a">unmediated</marc:subfield>
            <marc:subfield code="b">n</marc:subfield>
            <marc:subfield code="2">rdamedia</marc:subfield>
        </marc:datafield>
        <marc:datafield tag="338" ind1=" " ind2=" ">
            <marc:subfield code="a">volume</marc:subfield>
            <marc:subfield code="b">nc</marc:subfield>
            <marc:subfield code="2">rdacarrier</marc:subfield>
        </marc:datafield>
        <marc:datafield tag="651" ind1=" " ind2="0">
            <marc:subfield code="a">Iğdır İli (Turkey)</marc:subfield>
            <marc:subfield code="x">Politics and government</marc:subfield>
            <marc:subfield code="y">20th century.</marc:subfield>
        </marc:datafield>
        <marc:datafield tag="651" ind1=" " ind2="6">
            <marc:subfield code="a">Turquie</marc:subfield>
            <marc:subfield code="x">Politique et gouvernement</marc:subfield>
            <marc:subfield code="y">1918-1960.</marc:subfield>
            <marc:subfield code="0">(CaQQLa)201-0076999</marc:subfield>
        </marc:datafield>
        <marc:datafield tag="651" ind1=" " ind2="6">
            <marc:subfield code="a">Turquie</marc:subfield>
            <marc:subfield code="x">Politique et gouvernement</marc:subfield>
            <marc:subfield code="y">1960-1980.</marc:subfield>
            <marc:subfield code="0">(CaQQLa)201-0077824</marc:subfield>
        </marc:datafield>
        <marc:datafield tag="650" ind1=" " ind2="7">
            <marc:subfield code="a">Politics and government.</marc:subfield>
            <marc:subfield code="2">fast</marc:subfield>
            <marc:subfield code="0">(OCoLC)fst01919741</marc:subfield>
        </marc:datafield>
        <marc:datafield tag="651" ind1=" " ind2="7">
            <marc:subfield code="a">Turkey.</marc:subfield>
            <marc:subfield code="2">fast</marc:subfield>
            <marc:subfield code="0">(OCoLC)fst01208963</marc:subfield>
        </marc:datafield>
        <marc:datafield tag="651" ind1=" " ind2="7">
            <marc:subfield code="a">Turkey</marc:subfield>
            <marc:subfield code="z">Iğdır İli.</marc:subfield>
            <marc:subfield code="2">fast</marc:subfield>
            <marc:subfield code="0">(OCoLC)fst01291540</marc:subfield>
        </marc:datafield>
        <marc:datafield tag="648" ind1=" " ind2="7">
            <marc:subfield code="a">1900-1999</marc:subfield>
            <marc:subfield code="2">fast</marc:subfield>
        </marc:datafield>
        <marc:datafield tag="049" ind1=" " ind2=" ">
            <marc:subfield code="a">WAUW</marc:subfield>
        </marc:datafield>
    </marc:record>