
    <marc:record>
        <marc:leader>04416cam a2200577 i 4500</marc:leader>
        <marc:controlfield tag="001">1244554767</marc:controlfield>
        <marc:controlfield tag="006">m     o  d s      </marc:controlfield>
        <marc:controlfield tag="008">210402t20202020wauab   obm  s000 0 eng c</marc:controlfield>
        <marc:controlfield tag="005">20220831150159.9</marc:controlfield>
        <marc:controlfield tag="007">cr ||||||||||</marc:controlfield>
        <marc:datafield tag="040" ind1=" " ind2=" ">
            <marc:subfield code="a">WAU</marc:subfield>
            <marc:subfield code="b">eng</marc:subfield>
            <marc:subfield code="e">rda</marc:subfield>
            <marc:subfield code="e">pn</marc:subfield>
            <marc:subfield code="c">WAU</marc:subfield>
            <marc:subfield code="d">OCLCO</marc:subfield>
            <marc:subfield code="d">OCLCF</marc:subfield>
            <marc:subfield code="d">WAU</marc:subfield>
            <marc:subfield code="d">OCLCO</marc:subfield>
            <marc:subfield code="d">WAU</marc:subfield>
            <marc:subfield code="d">OCLCO</marc:subfield>
            <marc:subfield code="d">OCL</marc:subfield>
            <marc:subfield code="d">OCLCO</marc:subfield>
            <marc:subfield code="d">OCLCQ</marc:subfield>
        </marc:datafield>
        <marc:datafield tag="042" ind1=" " ind2=" ">
            <marc:subfield code="a">pcc</marc:subfield>
        </marc:datafield>
        <marc:datafield tag="100" ind1="1" ind2=" ">
            <marc:subfield code="a">Jacobs, Sara</marc:subfield>
            <marc:subfield code="c">(Professor of Landscape architecture),</marc:subfield>
            <marc:subfield code="e">author.</marc:subfield>
            <marc:subfield code="1">http://www.wikidata.org/entity/Q107281760</marc:subfield>
        </marc:datafield>
        <marc:datafield tag="245" ind1="1" ind2="0">
            <marc:subfield code="a">Measured, marked, modeled :</marc:subfield>
            <marc:subfield code="b">becoming with the urban landscape /</marc:subfield>
            <marc:subfield code="c">Sara Jacobs.</marc:subfield>
        </marc:datafield>
        <marc:datafield tag="264" ind1=" " ind2="1">
            <marc:subfield code="a">[Seattle] :</marc:subfield>
            <marc:subfield code="b">[University of Washington Libraries],</marc:subfield>
            <marc:subfield code="c">[2020]</marc:subfield>
        </marc:datafield>
        <marc:datafield tag="264" ind1=" " ind2="4">
            <marc:subfield code="c">©2020</marc:subfield>
        </marc:datafield>
        <marc:datafield tag="300" ind1=" " ind2=" ">
            <marc:subfield code="a">1 online resource (7 unnumbered pages, 207 pages):</marc:subfield>
            <marc:subfield code="b">illustrations (chiefly color), maps (chiefly color)</marc:subfield>
        </marc:datafield>
        <marc:datafield tag="336" ind1=" " ind2=" ">
            <marc:subfield code="a">text</marc:subfield>
            <marc:subfield code="b">txt</marc:subfield>
            <marc:subfield code="2">rdacontent</marc:subfield>
        </marc:datafield>
        <marc:datafield tag="337" ind1=" " ind2=" ">
            <marc:subfield code="a">computer</marc:subfield>
            <marc:subfield code="b">c</marc:subfield>
            <marc:subfield code="2">rdamedia</marc:subfield>
        </marc:datafield>
        <marc:datafield tag="338" ind1=" " ind2=" ">
            <marc:subfield code="a">online resource</marc:subfield>
            <marc:subfield code="b">cr</marc:subfield>
            <marc:subfield code="2">rdacarrier</marc:subfield>
        </marc:datafield>
        <marc:datafield tag="347" ind1=" " ind2=" ">
            <marc:subfield code="a">text file</marc:subfield>
            <marc:subfield code="2">rdaft</marc:subfield>
        </marc:datafield>
        <marc:datafield tag="347" ind1=" " ind2=" ">
            <marc:subfield code="b">PDF</marc:subfield>
        </marc:datafield>
        <marc:datafield tag="502" ind1=" " ind2=" ">
            <marc:subfield code="b">Ph. D.</marc:subfield>
            <marc:subfield code="c">University of Washington</marc:subfield>
            <marc:subfield code="d">2020.</marc:subfield>
        </marc:datafield>
        <marc:datafield tag="504" ind1=" " ind2=" ">
            <marc:subfield code="a">Includes bibliographical references (pages 196-207).</marc:subfield>
        </marc:datafield>
        <marc:datafield tag="520" ind1="3" ind2=" ">
            <marc:subfield code="a">Landscape has become a central organizing concept for the design of urban space through design practices seeking to &quot;recover&quot; the flow and flexibility of ecological processes. Yet, urban landscapes almost everywhere, and in every way, are divided and categorized as bounded sites through cartographic practices, property delineations, and environmental management, making site central to imaging and experiencing landscape. I pose that site is always part of engaging landscape and that by examining the unruliness of site we may reimagine the power relations within landscape itself. I use archival and discourse analysis to examine three moments of transition in how site is conceptualized in twentieth century North America. By situating the production of site and landscape within particular socioecological historical contexts, I show how normative site readings are predicated on and lead to the regulation of life through practices and discourses that foster or disallow lively relations. The three case studies illustrate how the regulation of life takes place through racial formation (chapter three), the fragmentation of ecological systems (chapter four), and the imagining of neoliberal futures (chapter five). I argue that the regulation of life as reflective of uneven power relations is revealed through site formation, and is the result a failure within landscape practice to recognize how site knowledge is always situated and power-laden. In response, I propose site knowledge as becoming-with, which I develop through practices of care. Care practices bring attention to intertwined historical formations, socioecological responsibility, and critical self-reflectivity to draw out the plurality that lives within categories of site. By thinking and acting through care, landscape practice has the potential to become a practice of life, with the creative and intellectual capacity to engage land and its relations.</marc:subfield>
        </marc:datafield>
        <marc:datafield tag="588" ind1="0" ind2=" ">
            <marc:subfield code="a">Online resource; title from PDF title page (ResearchWorks Archive, viewed April 2, 2021).</marc:subfield>
        </marc:datafield>
        <marc:datafield tag="650" ind1=" " ind2="0">
            <marc:subfield code="a">Urban landscape architecture.</marc:subfield>
        </marc:datafield>
        <marc:datafield tag="650" ind1=" " ind2="0">
            <marc:subfield code="a">Ecological landscape design.</marc:subfield>
        </marc:datafield>
        <marc:datafield tag="650" ind1=" " ind2="0">
            <marc:subfield code="a">Landscape design.</marc:subfield>
        </marc:datafield>
        <marc:datafield tag="650" ind1=" " ind2="0">
            <marc:subfield code="a">Cultural landscapes.</marc:subfield>
        </marc:datafield>
        <marc:datafield tag="650" ind1=" " ind2="6">
            <marc:subfield code="a">Paysage urbain.</marc:subfield>
            <marc:subfield code="0">(CaQQLa)201-0274942</marc:subfield>
        </marc:datafield>
        <marc:datafield tag="650" ind1=" " ind2="6">
            <marc:subfield code="a">Aménagement paysager écologique.</marc:subfield>
            <marc:subfield code="0">(CaQQLa)201-0317043</marc:subfield>
        </marc:datafield>
        <marc:datafield tag="650" ind1=" " ind2="6">
            <marc:subfield code="a">Aménagement paysager.</marc:subfield>
            <marc:subfield code="0">(CaQQLa)201-0250380</marc:subfield>
        </marc:datafield>
        <marc:datafield tag="650" ind1=" " ind2="6">
            <marc:subfield code="a">Paysages culturels.</marc:subfield>
            <marc:subfield code="0">(CaQQLa)000259340</marc:subfield>
        </marc:datafield>
        <marc:datafield tag="650" ind1=" " ind2="7">
            <marc:subfield code="a">urban landscapes.</marc:subfield>
            <marc:subfield code="2">aat</marc:subfield>
            <marc:subfield code="0">(CStmoGRI)aat300132447</marc:subfield>
        </marc:datafield>
        <marc:datafield tag="650" ind1=" " ind2="7">
            <marc:subfield code="a">cultural landscapes.</marc:subfield>
            <marc:subfield code="2">aat</marc:subfield>
            <marc:subfield code="0">(CStmoGRI)aat300008932</marc:subfield>
        </marc:datafield>
        <marc:datafield tag="650" ind1=" " ind2="7">
            <marc:subfield code="a">Urban landscape architecture.</marc:subfield>
            <marc:subfield code="2">fast</marc:subfield>
            <marc:subfield code="0">(OCoLC)fst01162472</marc:subfield>
        </marc:datafield>
        <marc:datafield tag="650" ind1=" " ind2="7">
            <marc:subfield code="a">Landscape design.</marc:subfield>
            <marc:subfield code="2">fast</marc:subfield>
            <marc:subfield code="0">(OCoLC)fst00991884</marc:subfield>
        </marc:datafield>
        <marc:datafield tag="650" ind1=" " ind2="7">
            <marc:subfield code="a">Ecological landscape design.</marc:subfield>
            <marc:subfield code="2">fast</marc:subfield>
            <marc:subfield code="0">(OCoLC)fst00901457</marc:subfield>
        </marc:datafield>
        <marc:datafield tag="650" ind1=" " ind2="7">
            <marc:subfield code="a">Cultural landscapes.</marc:subfield>
            <marc:subfield code="2">fast</marc:subfield>
            <marc:subfield code="0">(OCoLC)fst01740895</marc:subfield>
        </marc:datafield>
        <marc:datafield tag="653" ind1="0" ind2=" ">
            <marc:subfield code="a">Landscape architecture</marc:subfield>
        </marc:datafield>
        <marc:datafield tag="653" ind1="0" ind2=" ">
            <marc:subfield code="a">Geography</marc:subfield>
        </marc:datafield>
        <marc:datafield tag="653" ind1="0" ind2=" ">
            <marc:subfield code="a">History</marc:subfield>
        </marc:datafield>
        <marc:datafield tag="653" ind1="0" ind2=" ">
            <marc:subfield code="a">Built environment</marc:subfield>
        </marc:datafield>
        <marc:datafield tag="655" ind1=" " ind2="4">
            <marc:subfield code="a">Theses</marc:subfield>
            <marc:subfield code="x">Built environment.</marc:subfield>
        </marc:datafield>
        <marc:datafield tag="655" ind1=" " ind2="7">
            <marc:subfield code="a">Academic theses.</marc:subfield>
            <marc:subfield code="2">fast</marc:subfield>
            <marc:subfield code="0">(OCoLC)fst01726453</marc:subfield>
        </marc:datafield>
        <marc:datafield tag="655" ind1=" " ind2="7">
            <marc:subfield code="a">Academic theses.</marc:subfield>
            <marc:subfield code="2">lcgft</marc:subfield>
        </marc:datafield>
        <marc:datafield tag="655" ind1=" " ind2="7">
            <marc:subfield code="a">Thèses et écrits académiques.</marc:subfield>
            <marc:subfield code="2">rvmgf</marc:subfield>
            <marc:subfield code="0">(CaQQLa)RVMGF-000001173</marc:subfield>
        </marc:datafield>
        <marc:datafield tag="700" ind1="1" ind2=" ">
            <marc:subfield code="a">Way, Thaïsa,</marc:subfield>
            <marc:subfield code="d">1960-</marc:subfield>
            <marc:subfield code="e">degree supervisor.</marc:subfield>
            <marc:subfield code="1">http://www.wikidata.org/entity/Q105100012</marc:subfield>
        </marc:datafield>
        <marc:datafield tag="856" ind1="4" ind2="0">
            <marc:subfield code="u">http://hdl.handle.net/1773/46390</marc:subfield>
        </marc:datafield>
        <marc:datafield tag="049" ind1=" " ind2=" ">
            <marc:subfield code="a">WAUW</marc:subfield>
        </marc:datafield>
    </marc:record>