
    <marc:record>
        <marc:leader>01483cam a2200421 i 4500</marc:leader>
        <marc:controlfield tag="001">1164340179</marc:controlfield>
        <marc:controlfield tag="008">200710s2020    ko            000 0 kor c</marc:controlfield>
        <marc:controlfield tag="005">20220608172851.6</marc:controlfield>
        <marc:datafield tag="040" ind1=" " ind2=" ">
            <marc:subfield code="a">WAU</marc:subfield>
            <marc:subfield code="b">eng</marc:subfield>
            <marc:subfield code="e">rda</marc:subfield>
            <marc:subfield code="c">WAU</marc:subfield>
            <marc:subfield code="d">WAU</marc:subfield>
            <marc:subfield code="d">OCLCF</marc:subfield>
            <marc:subfield code="d">OCLCO</marc:subfield>
            <marc:subfield code="d">PUL</marc:subfield>
            <marc:subfield code="d">CGU</marc:subfield>
            <marc:subfield code="d">OCLCO</marc:subfield>
        </marc:datafield>
        <marc:datafield tag="066" ind1=" " ind2=" ">
            <marc:subfield code="c">$1</marc:subfield>
        </marc:datafield>
        <marc:datafield tag="020" ind1=" " ind2=" ">
            <marc:subfield code="a">9788908063150</marc:subfield>
        </marc:datafield>
        <marc:datafield tag="020" ind1=" " ind2=" ">
            <marc:subfield code="a">8908063153</marc:subfield>
        </marc:datafield>
        <marc:datafield tag="042" ind1=" " ind2=" ">
            <marc:subfield code="a">pcc</marc:subfield>
        </marc:datafield>
        <marc:datafield tag="050" ind1=" " ind2="4">
            <marc:subfield code="a">PL991.415.O4</marc:subfield>
            <marc:subfield code="b">A6 2020</marc:subfield>
        </marc:datafield>
        <marc:datafield tag="100" ind1="1" ind2=" ">
            <marc:subfield code="6">880-01</marc:subfield>
            <marc:subfield code="a">Kim, Ŏk,</marc:subfield>
            <marc:subfield code="d">1896-</marc:subfield>
            <marc:subfield code="e">author.</marc:subfield>
        </marc:datafield>
        <marc:datafield tag="240" ind1="1" ind2="0">
            <marc:subfield code="a">Poems.</marc:subfield>
            <marc:subfield code="k">Selections</marc:subfield>
        </marc:datafield>
        <marc:datafield tag="245" ind1="1" ind2="0">
            <marc:subfield code="6">880-02</marc:subfield>
            <marc:subfield code="a">Kim Ŏk sijip /</marc:subfield>
            <marc:subfield code="c">Kim Ŏk oe chiŭm ; Kim Yong-jik haesŏl.</marc:subfield>
        </marc:datafield>
        <marc:datafield tag="250" ind1=" " ind2=" ">
            <marc:subfield code="6">880-03</marc:subfield>
            <marc:subfield code="a">Ch'op'an.</marc:subfield>
        </marc:datafield>
        <marc:datafield tag="264" ind1=" " ind2="1">
            <marc:subfield code="6">880-04</marc:subfield>
            <marc:subfield code="a">Kyŏnggi-do P'aju-si :</marc:subfield>
            <marc:subfield code="b">Pŏmusa,</marc:subfield>
            <marc:subfield code="c">2020.</marc:subfield>
        </marc:datafield>
        <marc:datafield tag="300" ind1=" " ind2=" ">
            <marc:subfield code="a">172 pages ;</marc:subfield>
            <marc:subfield code="c">18 cm.</marc:subfield>
        </marc:datafield>
        <marc:datafield tag="336" ind1=" " ind2=" ">
            <marc:subfield code="a">text</marc:subfield>
            <marc:subfield code="b">txt</marc:subfield>
            <marc:subfield code="2">rdacontent</marc:subfield>
        </marc:datafield>
        <marc:datafield tag="337" ind1=" " ind2=" ">
            <marc:subfield code="a">unmediated</marc:subfield>
            <marc:subfield code="b">n</marc:subfield>
            <marc:subfield code="2">rdamedia</marc:subfield>
        </marc:datafield>
        <marc:datafield tag="338" ind1=" " ind2=" ">
            <marc:subfield code="a">volume</marc:subfield>
            <marc:subfield code="b">nc</marc:subfield>
            <marc:subfield code="2">rdacarrier</marc:subfield>
        </marc:datafield>
        <marc:datafield tag="490" ind1="1" ind2=" ">
            <marc:subfield code="6">880-05</marc:subfield>
            <marc:subfield code="a">Pŏmu mun'go ;</marc:subfield>
            <marc:subfield code="v">315</marc:subfield>
        </marc:datafield>
        <marc:datafield tag="655" ind1=" " ind2="7">
            <marc:subfield code="a">poetry.</marc:subfield>
            <marc:subfield code="2">aat</marc:subfield>
            <marc:subfield code="0">(CStmoGRI)aatgf300055931</marc:subfield>
        </marc:datafield>
        <marc:datafield tag="655" ind1=" " ind2="7">
            <marc:subfield code="a">Poetry.</marc:subfield>
            <marc:subfield code="2">fast</marc:subfield>
            <marc:subfield code="0">(OCoLC)fst01423828</marc:subfield>
        </marc:datafield>
        <marc:datafield tag="655" ind1=" " ind2="7">
            <marc:subfield code="a">Poetry.</marc:subfield>
            <marc:subfield code="2">lcgft</marc:subfield>
        </marc:datafield>
        <marc:datafield tag="655" ind1=" " ind2="7">
            <marc:subfield code="a">Poésie.</marc:subfield>
            <marc:subfield code="2">rvmgf</marc:subfield>
            <marc:subfield code="0">(CaQQLa)RVMGF-000000476</marc:subfield>
        </marc:datafield>
        <marc:datafield tag="700" ind1="1" ind2=" ">
            <marc:subfield code="6">880-06</marc:subfield>
            <marc:subfield code="a">Kim, Yong-jik.</marc:subfield>
        </marc:datafield>
        <marc:datafield tag="830" ind1=" " ind2="0">
            <marc:subfield code="6">880-07</marc:subfield>
            <marc:subfield code="a">Pŏmu mun'go ;</marc:subfield>
            <marc:subfield code="v">315.</marc:subfield>
        </marc:datafield>
        <marc:datafield tag="880" ind1="1" ind2=" ">
            <marc:subfield code="6">100-01/$1</marc:subfield>
            <marc:subfield code="a">김 억,</marc:subfield>
            <marc:subfield code="d">1896-</marc:subfield>
            <marc:subfield code="e">author.</marc:subfield>
        </marc:datafield>
        <marc:datafield tag="880" ind1="1" ind2="0">
            <marc:subfield code="6">245-02/$1</marc:subfield>
            <marc:subfield code="a">김 억 시집 /</marc:subfield>
            <marc:subfield code="c">김 억 외 지음 ; 김 용직 해설.</marc:subfield>
        </marc:datafield>
        <marc:datafield tag="880" ind1=" " ind2=" ">
            <marc:subfield code="6">250-03/$1</marc:subfield>
            <marc:subfield code="a">초판.</marc:subfield>
        </marc:datafield>
        <marc:datafield tag="880" ind1=" " ind2="1">
            <marc:subfield code="6">264-04/$1</marc:subfield>
            <marc:subfield code="a">경기도 파주시 :</marc:subfield>
            <marc:subfield code="b">범우사,</marc:subfield>
            <marc:subfield code="c">2020.</marc:subfield>
        </marc:datafield>
        <marc:datafield tag="880" ind1="1" ind2=" ">
            <marc:subfield code="6">490-05/$1</marc:subfield>
            <marc:subfield code="a">범우 문고 ;</marc:subfield>
            <marc:subfield code="v">315</marc:subfield>
        </marc:datafield>
        <marc:datafield tag="880" ind1="1" ind2=" ">
            <marc:subfield code="6">700-06/$1</marc:subfield>
            <marc:subfield code="a">김 용직.</marc:subfield>
        </marc:datafield>
        <marc:datafield tag="880" ind1=" " ind2="0">
            <marc:subfield code="6">830-07/$1</marc:subfield>
            <marc:subfield code="a">범우 문고 ;</marc:subfield>
            <marc:subfield code="v">315.</marc:subfield>
        </marc:datafield>
        <marc:datafield tag="049" ind1=" " ind2=" ">
            <marc:subfield code="a">WAUW</marc:subfield>
        </marc:datafield>
    </marc:record>