
    <marc:record>
        <marc:leader>02169cam a2200397 i 4500</marc:leader>
        <marc:controlfield tag="001">1342803276</marc:controlfield>
        <marc:controlfield tag="008">220830s2021    ir            000 j per c</marc:controlfield>
        <marc:controlfield tag="005">20221027104931.5</marc:controlfield>
        <marc:datafield tag="040" ind1=" " ind2=" ">
            <marc:subfield code="a">WAU</marc:subfield>
            <marc:subfield code="b">eng</marc:subfield>
            <marc:subfield code="e">rda</marc:subfield>
            <marc:subfield code="c">WAU</marc:subfield>
            <marc:subfield code="d">OCLCF</marc:subfield>
        </marc:datafield>
        <marc:datafield tag="066" ind1=" " ind2=" ">
            <marc:subfield code="c">(3</marc:subfield>
            <marc:subfield code="c">(4</marc:subfield>
        </marc:datafield>
        <marc:datafield tag="020" ind1=" " ind2=" ">
            <marc:subfield code="a">9786220108535</marc:subfield>
        </marc:datafield>
        <marc:datafield tag="020" ind1=" " ind2=" ">
            <marc:subfield code="a">6220108531</marc:subfield>
        </marc:datafield>
        <marc:datafield tag="042" ind1=" " ind2=" ">
            <marc:subfield code="a">pcc</marc:subfield>
        </marc:datafield>
        <marc:datafield tag="050" ind1=" " ind2="4">
            <marc:subfield code="a">PK6561.K535</marc:subfield>
            <marc:subfield code="b">K85 2021</marc:subfield>
        </marc:datafield>
        <marc:datafield tag="100" ind1="1" ind2=" ">
            <marc:subfield code="6">880-01</marc:subfield>
            <marc:subfield code="a">Kishāvarz, Muḥammad,</marc:subfield>
            <marc:subfield code="d">1958 or 1959-</marc:subfield>
            <marc:subfield code="e">author.</marc:subfield>
        </marc:datafield>
        <marc:datafield tag="245" ind1="1" ind2="0">
            <marc:subfield code="6">880-02</marc:subfield>
            <marc:subfield code="a">Kulāhī kih pas-i maʻrakah mānd :</marc:subfield>
            <marc:subfield code="b">majmūʻah-i dāstān /</marc:subfield>
            <marc:subfield code="c">Muḥammad Kishāvarz.</marc:subfield>
        </marc:datafield>
        <marc:datafield tag="250" ind1=" " ind2=" ">
            <marc:subfield code="6">880-03</marc:subfield>
            <marc:subfield code="a">Chāp-i avval.</marc:subfield>
        </marc:datafield>
        <marc:datafield tag="264" ind1=" " ind2="1">
            <marc:subfield code="6">880-04</marc:subfield>
            <marc:subfield code="a">Tihrān :</marc:subfield>
            <marc:subfield code="b">Nashr-i Chashmah,</marc:subfield>
            <marc:subfield code="c">Pāyīz-i 1400 [2021]</marc:subfield>
        </marc:datafield>
        <marc:datafield tag="300" ind1=" " ind2=" ">
            <marc:subfield code="a">159 pages.</marc:subfield>
        </marc:datafield>
        <marc:datafield tag="336" ind1=" " ind2=" ">
            <marc:subfield code="a">text</marc:subfield>
            <marc:subfield code="b">txt</marc:subfield>
            <marc:subfield code="2">rdacontent</marc:subfield>
        </marc:datafield>
        <marc:datafield tag="337" ind1=" " ind2=" ">
            <marc:subfield code="a">unmediated</marc:subfield>
            <marc:subfield code="b">n</marc:subfield>
            <marc:subfield code="2">rdamedia</marc:subfield>
        </marc:datafield>
        <marc:datafield tag="338" ind1=" " ind2=" ">
            <marc:subfield code="a">volume</marc:subfield>
            <marc:subfield code="b">nc</marc:subfield>
            <marc:subfield code="2">rdacarrier</marc:subfield>
        </marc:datafield>
        <marc:datafield tag="490" ind1="1" ind2=" ">
            <marc:subfield code="6">880-05</marc:subfield>
            <marc:subfield code="a">Jahān-i tāzah-yi dāstān ;</marc:subfield>
            <marc:subfield code="v">174</marc:subfield>
        </marc:datafield>
        <marc:datafield tag="500" ind1=" " ind2=" ">
            <marc:subfield code="a">Short stories.</marc:subfield>
        </marc:datafield>
        <marc:datafield tag="505" ind1="0" ind2=" ">
            <marc:subfield code="6">880-06</marc:subfield>
            <marc:subfield code="a">Iṣṭabl-i tashrīfāt -- Utāqʹnaqqāshī -- Vaqāyiʻʹnigārī-i yak mājarā dar dihkadahʹī malālʹangīz -- Shāpriyūn -- Kulāhī kih pas-i maʻrakah mānd -- Nuqṭah-yi surkh -- Bāzī baʻd az ẓuhr -- Pūlʹbāzī -- Mardī kih hamah chīz dāsht.</marc:subfield>
        </marc:datafield>
        <marc:datafield tag="655" ind1=" " ind2="7">
            <marc:subfield code="a">Short stories.</marc:subfield>
            <marc:subfield code="2">fast</marc:subfield>
            <marc:subfield code="0">(OCoLC)fst01726740</marc:subfield>
        </marc:datafield>
        <marc:datafield tag="655" ind1=" " ind2="7">
            <marc:subfield code="a">Short stories.</marc:subfield>
            <marc:subfield code="2">lcgft</marc:subfield>
        </marc:datafield>
        <marc:datafield tag="830" ind1=" " ind2="0">
            <marc:subfield code="6">880-07</marc:subfield>
            <marc:subfield code="a">Jahān-i tāzah-i dāstān ;</marc:subfield>
            <marc:subfield code="v">174.</marc:subfield>
        </marc:datafield>
        <marc:datafield tag="880" ind1="1" ind2=" ">
            <marc:subfield code="6">100-01/(4/r</marc:subfield>
            <marc:subfield code="a">کشاورز، محمد،</marc:subfield>
            <marc:subfield code="d">1958 or 1959-</marc:subfield>
            <marc:subfield code="e">author.</marc:subfield>
        </marc:datafield>
        <marc:datafield tag="880" ind1="1" ind2="0">
            <marc:subfield code="6">245-02/(4/r</marc:subfield>
            <marc:subfield code="a">کلاهى که پس معرکه ماند :</marc:subfield>
            <marc:subfield code="b">مجموعه داستان /</marc:subfield>
            <marc:subfield code="c">محمد کشاورز.</marc:subfield>
        </marc:datafield>
        <marc:datafield tag="880" ind1=" " ind2=" ">
            <marc:subfield code="6">250-03/(4/r</marc:subfield>
            <marc:subfield code="a">چاپ اول.</marc:subfield>
        </marc:datafield>
        <marc:datafield tag="880" ind1=" " ind2="1">
            <marc:subfield code="6">264-04/(3/r</marc:subfield>
            <marc:subfield code="a">تهران :</marc:subfield>
            <marc:subfield code="b">نشر چشمه،</marc:subfield>
            <marc:subfield code="c">پاييز 1400 [2021]</marc:subfield>
        </marc:datafield>
        <marc:datafield tag="880" ind1="1" ind2=" ">
            <marc:subfield code="6">490-05/(3/r</marc:subfield>
            <marc:subfield code="a">جهان تازه‌ى داستان ؛</marc:subfield>
            <marc:subfield code="v">174</marc:subfield>
        </marc:datafield>
        <marc:datafield tag="880" ind1="0" ind2=" ">
            <marc:subfield code="6">505-06/(3/r</marc:subfield>
            <marc:subfield code="a">اصطبل تشريفات -- اتاق نقاشى -- وقايع‌نگارى يک ماجرا در دهکده‌اى ملال‌نگيز -- شاپريون -- کلاهى که پس معرکه ماند -- نقطه‌ى سرخ -- بازى بعد از ظهر -- پول بازى -- مردى که همه چيز داشت.</marc:subfield>
        </marc:datafield>
        <marc:datafield tag="880" ind1=" " ind2="0">
            <marc:subfield code="6">830-07/(3/r</marc:subfield>
            <marc:subfield code="a">جهان تازه داستان ؛</marc:subfield>
            <marc:subfield code="v">174.</marc:subfield>
        </marc:datafield>
        <marc:datafield tag="049" ind1=" " ind2=" ">
            <marc:subfield code="a">WAUW</marc:subfield>
        </marc:datafield>
    </marc:record>