
    <marc:record>
        <marc:leader>03458cam a2200529 i 4500</marc:leader>
        <marc:controlfield tag="001">1291651698</marc:controlfield>
        <marc:controlfield tag="006">m     o  d s      </marc:controlfield>
        <marc:controlfield tag="008">220111s2021    ntcab   ob   s000 0 eng c</marc:controlfield>
        <marc:controlfield tag="005">20220507055642.2</marc:controlfield>
        <marc:controlfield tag="007">cr mn||||a||||</marc:controlfield>
        <marc:datafield tag="040" ind1=" " ind2=" ">
            <marc:subfield code="a">WAU</marc:subfield>
            <marc:subfield code="b">eng</marc:subfield>
            <marc:subfield code="e">rda</marc:subfield>
            <marc:subfield code="e">pn</marc:subfield>
            <marc:subfield code="c">WAU</marc:subfield>
            <marc:subfield code="d">OCLCO</marc:subfield>
            <marc:subfield code="d">OCLCF</marc:subfield>
            <marc:subfield code="d">OCLCO</marc:subfield>
            <marc:subfield code="d">WAU</marc:subfield>
            <marc:subfield code="d">OCLCO</marc:subfield>
        </marc:datafield>
        <marc:datafield tag="042" ind1=" " ind2=" ">
            <marc:subfield code="a">pcc</marc:subfield>
        </marc:datafield>
        <marc:datafield tag="043" ind1=" " ind2=" ">
            <marc:subfield code="a">n-cn-nt</marc:subfield>
        </marc:datafield>
        <marc:datafield tag="050" ind1=" " ind2="4">
            <marc:subfield code="a">SF996.43.C2</marc:subfield>
            <marc:subfield code="b">M38 2021</marc:subfield>
        </marc:datafield>
        <marc:datafield tag="100" ind1="1" ind2=" ">
            <marc:subfield code="a">Mavrot, Fabien,</marc:subfield>
            <marc:subfield code="e">author.</marc:subfield>
        </marc:datafield>
        <marc:datafield tag="245" ind1="1" ind2="0">
            <marc:subfield code="a">Wildlife health and a growing agriculture industry in the Northwest Territories :</marc:subfield>
            <marc:subfield code="b">a report on active and passive northern wildlife health surveillance activities done through the University of Calgary /</marc:subfield>
            <marc:subfield code="c">Fabien Mavrot, Jamie L. Rothenburger, Susan Kutz.</marc:subfield>
        </marc:datafield>
        <marc:datafield tag="264" ind1=" " ind2="1">
            <marc:subfield code="a">[Yellowknife] :</marc:subfield>
            <marc:subfield code="b">Northwest Territories Environment and Natural Resources,</marc:subfield>
            <marc:subfield code="c">2021.</marc:subfield>
        </marc:datafield>
        <marc:datafield tag="300" ind1=" " ind2=" ">
            <marc:subfield code="a">1 online resource (vi, 28, 43, lxiii, 127, 11 pages) :</marc:subfield>
            <marc:subfield code="b">illustrations (some color), color maps.</marc:subfield>
        </marc:datafield>
        <marc:datafield tag="336" ind1=" " ind2=" ">
            <marc:subfield code="a">text</marc:subfield>
            <marc:subfield code="b">txt</marc:subfield>
            <marc:subfield code="2">rdacontent</marc:subfield>
        </marc:datafield>
        <marc:datafield tag="337" ind1=" " ind2=" ">
            <marc:subfield code="a">computer</marc:subfield>
            <marc:subfield code="b">c</marc:subfield>
            <marc:subfield code="2">rdamedia</marc:subfield>
        </marc:datafield>
        <marc:datafield tag="338" ind1=" " ind2=" ">
            <marc:subfield code="a">online resource</marc:subfield>
            <marc:subfield code="b">cr</marc:subfield>
            <marc:subfield code="2">rdacarrier</marc:subfield>
        </marc:datafield>
        <marc:datafield tag="347" ind1=" " ind2=" ">
            <marc:subfield code="a">text file</marc:subfield>
            <marc:subfield code="2">rdaft</marc:subfield>
        </marc:datafield>
        <marc:datafield tag="347" ind1=" " ind2=" ">
            <marc:subfield code="b">PDF</marc:subfield>
        </marc:datafield>
        <marc:datafield tag="490" ind1="1" ind2=" ">
            <marc:subfield code="a">Manuscript report ;</marc:subfield>
            <marc:subfield code="v">no. 291</marc:subfield>
        </marc:datafield>
        <marc:datafield tag="504" ind1=" " ind2=" ">
            <marc:subfield code="a">Includes bibliographical references.</marc:subfield>
        </marc:datafield>
        <marc:datafield tag="505" ind1="2" ind2=" ">
            <marc:subfield code="a">Detecting Dermacentor albipictus, the winter tick, at the northern extent of its range : hunter-based monitoring and serological assay development / by Cyntia Kayo Kashivakura.</marc:subfield>
        </marc:datafield>
        <marc:datafield tag="588" ind1=" " ind2=" ">
            <marc:subfield code="a">Description based on print version record.</marc:subfield>
        </marc:datafield>
        <marc:datafield tag="650" ind1=" " ind2="0">
            <marc:subfield code="a">Wildlife diseases</marc:subfield>
            <marc:subfield code="x">Monitoring</marc:subfield>
            <marc:subfield code="z">Northwest Territories.</marc:subfield>
        </marc:datafield>
        <marc:datafield tag="650" ind1=" " ind2="0">
            <marc:subfield code="a">Ungulates</marc:subfield>
            <marc:subfield code="x">Diseases</marc:subfield>
            <marc:subfield code="x">Monitoring</marc:subfield>
            <marc:subfield code="z">Northwest Territories.</marc:subfield>
        </marc:datafield>
        <marc:datafield tag="650" ind1=" " ind2="0">
            <marc:subfield code="a">Ungulates</marc:subfield>
            <marc:subfield code="x">Infections</marc:subfield>
            <marc:subfield code="x">Monitoring</marc:subfield>
            <marc:subfield code="z">Northwest Territories.</marc:subfield>
        </marc:datafield>
        <marc:datafield tag="650" ind1=" " ind2="0">
            <marc:subfield code="a">Animal health surveillance</marc:subfield>
            <marc:subfield code="z">Northwest Territories.</marc:subfield>
        </marc:datafield>
        <marc:datafield tag="650" ind1=" " ind2="0">
            <marc:subfield code="a">Animal health</marc:subfield>
            <marc:subfield code="z">Northwest Territories.</marc:subfield>
        </marc:datafield>
        <marc:datafield tag="650" ind1=" " ind2="6">
            <marc:subfield code="a">Animaux sauvages</marc:subfield>
            <marc:subfield code="0">(CaQQLa)201-0062448</marc:subfield>
            <marc:subfield code="x">Maladies</marc:subfield>
            <marc:subfield code="0">(CaQQLa)201-0062448</marc:subfield>
            <marc:subfield code="x">Surveillance</marc:subfield>
            <marc:subfield code="0">(CaQQLa)201-0375692</marc:subfield>
            <marc:subfield code="z">Territoires du Nord-Ouest.</marc:subfield>
            <marc:subfield code="0">(CaQQLa)201-0448883</marc:subfield>
        </marc:datafield>
        <marc:datafield tag="650" ind1=" " ind2="6">
            <marc:subfield code="a">Ongulés</marc:subfield>
            <marc:subfield code="0">(CaQQLa)000268825</marc:subfield>
            <marc:subfield code="x">Maladies</marc:subfield>
            <marc:subfield code="0">(CaQQLa)000268825</marc:subfield>
            <marc:subfield code="x">Surveillance</marc:subfield>
            <marc:subfield code="0">(CaQQLa)201-0375692</marc:subfield>
            <marc:subfield code="z">Territoires du Nord-Ouest.</marc:subfield>
            <marc:subfield code="0">(CaQQLa)201-0448883</marc:subfield>
        </marc:datafield>
        <marc:datafield tag="650" ind1=" " ind2="6">
            <marc:subfield code="a">Ongulés</marc:subfield>
            <marc:subfield code="0">(CaQQLa)201-0014101</marc:subfield>
            <marc:subfield code="x">Infections</marc:subfield>
            <marc:subfield code="0">(CaQQLa)201-0377634</marc:subfield>
            <marc:subfield code="x">Surveillance</marc:subfield>
            <marc:subfield code="0">(CaQQLa)201-0375692</marc:subfield>
            <marc:subfield code="z">Territoires du Nord-Ouest.</marc:subfield>
            <marc:subfield code="0">(CaQQLa)201-0448883</marc:subfield>
        </marc:datafield>
        <marc:datafield tag="650" ind1=" " ind2="6">
            <marc:subfield code="a">Santé animale</marc:subfield>
            <marc:subfield code="0">(CaQQLa)201-0046386</marc:subfield>
            <marc:subfield code="z">Territoires du Nord-Ouest.</marc:subfield>
            <marc:subfield code="0">(CaQQLa)201-0448883</marc:subfield>
        </marc:datafield>
        <marc:datafield tag="650" ind1=" " ind2="7">
            <marc:subfield code="a">Animal health.</marc:subfield>
            <marc:subfield code="2">fast</marc:subfield>
            <marc:subfield code="0">(OCoLC)fst00809209</marc:subfield>
        </marc:datafield>
        <marc:datafield tag="651" ind1=" " ind2="7">
            <marc:subfield code="a">Northwest Territories.</marc:subfield>
            <marc:subfield code="2">fast</marc:subfield>
            <marc:subfield code="0">(OCoLC)fst01229661</marc:subfield>
        </marc:datafield>
        <marc:datafield tag="700" ind1="1" ind2=" ">
            <marc:subfield code="a">Rothenburger, Jamie L.,</marc:subfield>
            <marc:subfield code="e">author.</marc:subfield>
        </marc:datafield>
        <marc:datafield tag="700" ind1="1" ind2=" ">
            <marc:subfield code="a">Kutz, Susan J.,</marc:subfield>
            <marc:subfield code="e">author.</marc:subfield>
        </marc:datafield>
        <marc:datafield tag="700" ind1="1" ind2="2">
            <marc:subfield code="i">Container of (work):</marc:subfield>
            <marc:subfield code="a">Kashivakura, Cyntia Kayo.</marc:subfield>
            <marc:subfield code="t">Detecting Dermacentor albipictus, the winter tick, at the northern extent of its range.</marc:subfield>
        </marc:datafield>
        <marc:datafield tag="710" ind1="1" ind2=" ">
            <marc:subfield code="a">Northwest Territories.</marc:subfield>
            <marc:subfield code="b">Department of Environment and Natural Resources,</marc:subfield>
            <marc:subfield code="e">issuing body,</marc:subfield>
            <marc:subfield code="e">publisher.</marc:subfield>
        </marc:datafield>
        <marc:datafield tag="740" ind1="0" ind2="2">
            <marc:subfield code="a">Detecting Dermacentor albipictus, the winter tick, at the northern extent of its range.</marc:subfield>
        </marc:datafield>
        <marc:datafield tag="776" ind1="0" ind2="8">
            <marc:subfield code="i">Print version:</marc:subfield>
            <marc:subfield code="a">Mavrot, Fabien.</marc:subfield>
            <marc:subfield code="t">Wildlife health and a growing agriculture industry in the Northwest Territories.</marc:subfield>
            <marc:subfield code="d">[Yellowknife] : Northwest Territories Environment and Natural Resources, 2021</marc:subfield>
            <marc:subfield code="w">(OCoLC)1291652239</marc:subfield>
        </marc:datafield>
        <marc:datafield tag="830" ind1=" " ind2="0">
            <marc:subfield code="a">Manuscript report (Northwest Territories. Department of Environment and Natural Resources) ;</marc:subfield>
            <marc:subfield code="v">no. 291.</marc:subfield>
        </marc:datafield>
        <marc:datafield tag="856" ind1="4" ind2="0">
            <marc:subfield code="u">http://bibpurl.oclc.org/web/96927</marc:subfield>
            <marc:subfield code="u">https://www.enr.gov.nt.ca/sites/enr/files/resources/wildlife_health_and_a_growing_agriculture_industry_in_the_nwt_manuscript_291.pdf</marc:subfield>
        </marc:datafield>
        <marc:datafield tag="049" ind1=" " ind2=" ">
            <marc:subfield code="a">WAUW</marc:subfield>
        </marc:datafield>
    </marc:record>