
    <marc:record>
        <marc:leader>01577cam a2200397 i 4500</marc:leader>
        <marc:controlfield tag="001">1343101818</marc:controlfield>
        <marc:controlfield tag="008">220831s2021    ir            000 f per c</marc:controlfield>
        <marc:controlfield tag="005">20221027104242.2</marc:controlfield>
        <marc:datafield tag="040" ind1=" " ind2=" ">
            <marc:subfield code="a">WAU</marc:subfield>
            <marc:subfield code="b">eng</marc:subfield>
            <marc:subfield code="e">rda</marc:subfield>
            <marc:subfield code="c">WAU</marc:subfield>
            <marc:subfield code="d">OCLCF</marc:subfield>
        </marc:datafield>
        <marc:datafield tag="066" ind1=" " ind2=" ">
            <marc:subfield code="c">(3</marc:subfield>
            <marc:subfield code="c">(4</marc:subfield>
        </marc:datafield>
        <marc:datafield tag="020" ind1=" " ind2=" ">
            <marc:subfield code="a">9786222019662</marc:subfield>
        </marc:datafield>
        <marc:datafield tag="020" ind1=" " ind2=" ">
            <marc:subfield code="a">6222019668</marc:subfield>
        </marc:datafield>
        <marc:datafield tag="042" ind1=" " ind2=" ">
            <marc:subfield code="a">pcc</marc:subfield>
        </marc:datafield>
        <marc:datafield tag="050" ind1=" " ind2="4">
            <marc:subfield code="a">PK6562.27.A523</marc:subfield>
            <marc:subfield code="b">M86 2021</marc:subfield>
        </marc:datafield>
        <marc:datafield tag="100" ind1="1" ind2=" ">
            <marc:subfield code="6">880-01</marc:subfield>
            <marc:subfield code="a">Qanbarī, Dāvūd,</marc:subfield>
            <marc:subfield code="d">1977 or 1978-</marc:subfield>
            <marc:subfield code="e">author.</marc:subfield>
        </marc:datafield>
        <marc:datafield tag="245" ind1="1" ind2="0">
            <marc:subfield code="6">880-02</marc:subfield>
            <marc:subfield code="a">Mūnālīzā-yi ghārnishīn /</marc:subfield>
            <marc:subfield code="c">Dāvūd Qanbarī.</marc:subfield>
        </marc:datafield>
        <marc:datafield tag="246" ind1="3" ind2=" ">
            <marc:subfield code="6">880-03</marc:subfield>
            <marc:subfield code="a">Mūnā Līzā-yi ghārnishīn</marc:subfield>
        </marc:datafield>
        <marc:datafield tag="250" ind1=" " ind2=" ">
            <marc:subfield code="6">880-04</marc:subfield>
            <marc:subfield code="a">Chāp-i avval.</marc:subfield>
        </marc:datafield>
        <marc:datafield tag="264" ind1=" " ind2="1">
            <marc:subfield code="6">880-05</marc:subfield>
            <marc:subfield code="a">Tihrān :</marc:subfield>
            <marc:subfield code="b">Nashr-i Qaṭrah,</marc:subfield>
            <marc:subfield code="c">Zamistān-i 1400 [2021 or 2022]</marc:subfield>
        </marc:datafield>
        <marc:datafield tag="300" ind1=" " ind2=" ">
            <marc:subfield code="a">228 pages.</marc:subfield>
        </marc:datafield>
        <marc:datafield tag="336" ind1=" " ind2=" ">
            <marc:subfield code="a">text</marc:subfield>
            <marc:subfield code="b">txt</marc:subfield>
            <marc:subfield code="2">rdacontent</marc:subfield>
        </marc:datafield>
        <marc:datafield tag="337" ind1=" " ind2=" ">
            <marc:subfield code="a">unmediated</marc:subfield>
            <marc:subfield code="b">n</marc:subfield>
            <marc:subfield code="2">rdamedia</marc:subfield>
        </marc:datafield>
        <marc:datafield tag="338" ind1=" " ind2=" ">
            <marc:subfield code="a">volume</marc:subfield>
            <marc:subfield code="b">nc</marc:subfield>
            <marc:subfield code="2">rdacarrier</marc:subfield>
        </marc:datafield>
        <marc:datafield tag="490" ind1="1" ind2=" ">
            <marc:subfield code="6">880-06</marc:subfield>
            <marc:subfield code="a">Rumān - Dāstān-i Īrānī ;</marc:subfield>
            <marc:subfield code="v">125</marc:subfield>
        </marc:datafield>
        <marc:datafield tag="500" ind1=" " ind2=" ">
            <marc:subfield code="a">Novel.</marc:subfield>
        </marc:datafield>
        <marc:datafield tag="655" ind1=" " ind2="7">
            <marc:subfield code="a">Novels.</marc:subfield>
            <marc:subfield code="2">fast</marc:subfield>
            <marc:subfield code="0">(OCoLC)fst01921742</marc:subfield>
        </marc:datafield>
        <marc:datafield tag="655" ind1=" " ind2="7">
            <marc:subfield code="a">Novels.</marc:subfield>
            <marc:subfield code="2">lcgft</marc:subfield>
        </marc:datafield>
        <marc:datafield tag="830" ind1=" " ind2="0">
            <marc:subfield code="6">880-07</marc:subfield>
            <marc:subfield code="a">Rumān (Dāstān-i Īrānī) ;</marc:subfield>
            <marc:subfield code="v">125.</marc:subfield>
        </marc:datafield>
        <marc:datafield tag="880" ind1="1" ind2=" ">
            <marc:subfield code="6">100-01/(3/r</marc:subfield>
            <marc:subfield code="a">قنبرى، داوود،</marc:subfield>
            <marc:subfield code="d">1977 or 1978-</marc:subfield>
            <marc:subfield code="e">author.</marc:subfield>
        </marc:datafield>
        <marc:datafield tag="880" ind1="1" ind2="0">
            <marc:subfield code="6">245-02/(3/r</marc:subfield>
            <marc:subfield code="a">موناليزاى غارنشين /</marc:subfield>
            <marc:subfield code="c">داوود قنبرى.</marc:subfield>
        </marc:datafield>
        <marc:datafield tag="880" ind1="3" ind2=" ">
            <marc:subfield code="6">246-03/(3/r</marc:subfield>
            <marc:subfield code="a">مونا ليزاى غارنشين</marc:subfield>
        </marc:datafield>
        <marc:datafield tag="880" ind1=" " ind2=" ">
            <marc:subfield code="6">250-04/(4/r</marc:subfield>
            <marc:subfield code="a">چاپ اول.</marc:subfield>
        </marc:datafield>
        <marc:datafield tag="880" ind1=" " ind2="1">
            <marc:subfield code="6">264-05/(3/r</marc:subfield>
            <marc:subfield code="a">تهران :</marc:subfield>
            <marc:subfield code="b">نشر قطره،</marc:subfield>
            <marc:subfield code="c">زمستان 1400 [2021 or 2022]</marc:subfield>
        </marc:datafield>
        <marc:datafield tag="880" ind1="1" ind2=" ">
            <marc:subfield code="6">490-06/(3/r</marc:subfield>
            <marc:subfield code="a">رمان - داستان ايرانى ؛</marc:subfield>
            <marc:subfield code="v">125</marc:subfield>
        </marc:datafield>
        <marc:datafield tag="880" ind1=" " ind2="0">
            <marc:subfield code="6">830-07/(3/r</marc:subfield>
            <marc:subfield code="a">رمان (داستان ايرانى) ؛</marc:subfield>
            <marc:subfield code="v">125.</marc:subfield>
        </marc:datafield>
        <marc:datafield tag="049" ind1=" " ind2=" ">
            <marc:subfield code="a">WAUW</marc:subfield>
        </marc:datafield>
    </marc:record>