
    <marc:record>
        <marc:leader>01629nam a2200349 i 4500</marc:leader>
        <marc:controlfield tag="001">1346432189</marc:controlfield>
        <marc:controlfield tag="008">221003s2021    ru            000 1 rusoc</marc:controlfield>
        <marc:controlfield tag="005">20221003151400.7</marc:controlfield>
        <marc:datafield tag="040" ind1=" " ind2=" ">
            <marc:subfield code="a">WAU</marc:subfield>
            <marc:subfield code="b">eng</marc:subfield>
            <marc:subfield code="e">rda</marc:subfield>
            <marc:subfield code="c">WAU</marc:subfield>
        </marc:datafield>
        <marc:datafield tag="066" ind1=" " ind2=" ">
            <marc:subfield code="c">(N</marc:subfield>
        </marc:datafield>
        <marc:datafield tag="020" ind1=" " ind2=" ">
            <marc:subfield code="a">9785170991846</marc:subfield>
        </marc:datafield>
        <marc:datafield tag="020" ind1=" " ind2=" ">
            <marc:subfield code="a">5170991843</marc:subfield>
        </marc:datafield>
        <marc:datafield tag="042" ind1=" " ind2=" ">
            <marc:subfield code="a">pcc</marc:subfield>
        </marc:datafield>
        <marc:datafield tag="050" ind1=" " ind2="4">
            <marc:subfield code="a">PG3493.42.F33</marc:subfield>
            <marc:subfield code="b">R366 2021</marc:subfield>
        </marc:datafield>
        <marc:datafield tag="100" ind1="1" ind2=" ">
            <marc:subfield code="6">880-01</marc:subfield>
            <marc:subfield code="a">Safarli, Ėlʹchin,</marc:subfield>
            <marc:subfield code="e">author.</marc:subfield>
        </marc:datafield>
        <marc:datafield tag="245" ind1="1" ind2="0">
            <marc:subfield code="6">880-02</marc:subfield>
            <marc:subfield code="a">Rasskazhi mne o more :</marc:subfield>
            <marc:subfield code="b">istorii︠a︡ o tom, chto poroi︠u︡ nado obʺezditʹ polmira, chtoby osoznatʹ : vse vazhnoe i t︠s︡ennoe zhdet tebi︠a︡ doma : roman /</marc:subfield>
            <marc:subfield code="c">Ėlʹchin Safarli.</marc:subfield>
        </marc:datafield>
        <marc:datafield tag="264" ind1=" " ind2="1">
            <marc:subfield code="6">880-03</marc:subfield>
            <marc:subfield code="a">Moskva</marc:subfield>
            <marc:subfield code="b">Izdatelʹstvo AST,</marc:subfield>
            <marc:subfield code="c">2021.</marc:subfield>
        </marc:datafield>
        <marc:datafield tag="300" ind1=" " ind2=" ">
            <marc:subfield code="a">316 pages ;</marc:subfield>
            <marc:subfield code="c">19 cm.</marc:subfield>
        </marc:datafield>
        <marc:datafield tag="336" ind1=" " ind2=" ">
            <marc:subfield code="a">text</marc:subfield>
            <marc:subfield code="b">txt</marc:subfield>
            <marc:subfield code="2">rdacontent</marc:subfield>
        </marc:datafield>
        <marc:datafield tag="337" ind1=" " ind2=" ">
            <marc:subfield code="a">unmediated</marc:subfield>
            <marc:subfield code="b">n</marc:subfield>
            <marc:subfield code="2">rdamedia</marc:subfield>
        </marc:datafield>
        <marc:datafield tag="338" ind1=" " ind2=" ">
            <marc:subfield code="a">volume</marc:subfield>
            <marc:subfield code="b">nc</marc:subfield>
            <marc:subfield code="2">rdacarrier</marc:subfield>
        </marc:datafield>
        <marc:datafield tag="490" ind1="1" ind2=" ">
            <marc:subfield code="6">880-04</marc:subfield>
            <marc:subfield code="a">Bestsellery Ėlʹchina Safarli</marc:subfield>
        </marc:datafield>
        <marc:datafield tag="521" ind1="1" ind2=" ">
            <marc:subfield code="a">16+.</marc:subfield>
        </marc:datafield>
        <marc:datafield tag="650" ind1=" " ind2="0">
            <marc:subfield code="a">Man-woman relationships</marc:subfield>
            <marc:subfield code="v">Fiction.</marc:subfield>
        </marc:datafield>
        <marc:datafield tag="655" ind1=" " ind2="7">
            <marc:subfield code="a">Romance fiction.</marc:subfield>
            <marc:subfield code="2">lcgft</marc:subfield>
        </marc:datafield>
        <marc:datafield tag="830" ind1=" " ind2="0">
            <marc:subfield code="6">880-05</marc:subfield>
            <marc:subfield code="a">Bestsellery Ėlʹchina Safarli.</marc:subfield>
        </marc:datafield>
        <marc:datafield tag="880" ind1="1" ind2=" ">
            <marc:subfield code="6">100-01/(N</marc:subfield>
            <marc:subfield code="a">Сафарли, Эльчин,,</marc:subfield>
            <marc:subfield code="e">author.</marc:subfield>
        </marc:datafield>
        <marc:datafield tag="880" ind1="1" ind2="0">
            <marc:subfield code="6">245-02/(N</marc:subfield>
            <marc:subfield code="a">Расскажи мне о море :</marc:subfield>
            <marc:subfield code="b">история о том, что порою надо объездить полмира, чтобы осознать : все важное и ценное ждет тебя дома : роман /</marc:subfield>
            <marc:subfield code="c">Эльчин Сафарли.</marc:subfield>
        </marc:datafield>
        <marc:datafield tag="880" ind1=" " ind2="1">
            <marc:subfield code="6">264-03/(N</marc:subfield>
            <marc:subfield code="a">Москва</marc:subfield>
            <marc:subfield code="b">Издательство АСТ,</marc:subfield>
            <marc:subfield code="c">2021.</marc:subfield>
        </marc:datafield>
        <marc:datafield tag="880" ind1="1" ind2=" ">
            <marc:subfield code="6">490-04/(N</marc:subfield>
            <marc:subfield code="a">Бестселлеры Эльчина Сафарли</marc:subfield>
        </marc:datafield>
        <marc:datafield tag="880" ind1=" " ind2="0">
            <marc:subfield code="6">830-05/(N</marc:subfield>
            <marc:subfield code="a">Бестселлеры Эльчина Сафарли.</marc:subfield>
        </marc:datafield>
        <marc:datafield tag="049" ind1=" " ind2=" ">
            <marc:subfield code="a">WAUW</marc:subfield>
        </marc:datafield>
    </marc:record>