
    <marc:record>
        <marc:leader>04197cam a2200601 i 4500</marc:leader>
        <marc:controlfield tag="001">1257555338</marc:controlfield>
        <marc:controlfield tag="008">210625t20202020wauab         001 j eng c</marc:controlfield>
        <marc:controlfield tag="005">20220513231240.3</marc:controlfield>
        <marc:datafield tag="010" ind1=" " ind2=" ">
            <marc:subfield code="z">  2020924819</marc:subfield>
        </marc:datafield>
        <marc:datafield tag="040" ind1=" " ind2=" ">
            <marc:subfield code="a">WAU</marc:subfield>
            <marc:subfield code="b">eng</marc:subfield>
            <marc:subfield code="e">rda</marc:subfield>
            <marc:subfield code="c">WAU</marc:subfield>
            <marc:subfield code="d">WAU</marc:subfield>
            <marc:subfield code="d">OCLCO</marc:subfield>
            <marc:subfield code="d">OCLCF</marc:subfield>
            <marc:subfield code="d">OCLCO</marc:subfield>
        </marc:datafield>
        <marc:datafield tag="020" ind1=" " ind2=" ">
            <marc:subfield code="a">9781736148013</marc:subfield>
            <marc:subfield code="q">(hardcover)</marc:subfield>
        </marc:datafield>
        <marc:datafield tag="020" ind1=" " ind2=" ">
            <marc:subfield code="a">173614801X</marc:subfield>
            <marc:subfield code="q">(hardcover)</marc:subfield>
        </marc:datafield>
        <marc:datafield tag="042" ind1=" " ind2=" ">
            <marc:subfield code="a">pcc</marc:subfield>
        </marc:datafield>
        <marc:datafield tag="050" ind1=" " ind2="4">
            <marc:subfield code="a">PN6120.95.A845</marc:subfield>
            <marc:subfield code="b">T44 2020</marc:subfield>
        </marc:datafield>
        <marc:datafield tag="130" ind1="0" ind2=" ">
            <marc:subfield code="a">Telling stories (Short stories : 2020)</marc:subfield>
        </marc:datafield>
        <marc:datafield tag="245" ind1="1" ind2="0">
            <marc:subfield code="a">Telling stories :</marc:subfield>
            <marc:subfield code="b">on culturally responsive artificial intelligence : 19 stories /</marc:subfield>
            <marc:subfield code="c">edited by Ryan Calo, Batya Friedman, Tadayoshi Kohno, Hannah Almeter and Nick Logler.</marc:subfield>
        </marc:datafield>
        <marc:datafield tag="250" ind1=" " ind2=" ">
            <marc:subfield code="a">First edition.</marc:subfield>
        </marc:datafield>
        <marc:datafield tag="264" ind1=" " ind2="1">
            <marc:subfield code="a">Seattle :</marc:subfield>
            <marc:subfield code="b">University of Washington Tech Policy Lab,</marc:subfield>
            <marc:subfield code="c">[2020]</marc:subfield>
        </marc:datafield>
        <marc:datafield tag="264" ind1=" " ind2="4">
            <marc:subfield code="c">©2020</marc:subfield>
        </marc:datafield>
        <marc:datafield tag="300" ind1=" " ind2=" ">
            <marc:subfield code="a">87 pages :</marc:subfield>
            <marc:subfield code="b">color illustrations, color maps</marc:subfield>
        </marc:datafield>
        <marc:datafield tag="336" ind1=" " ind2=" ">
            <marc:subfield code="a">text</marc:subfield>
            <marc:subfield code="b">txt</marc:subfield>
            <marc:subfield code="2">rdacontent</marc:subfield>
        </marc:datafield>
        <marc:datafield tag="337" ind1=" " ind2=" ">
            <marc:subfield code="a">unmediated</marc:subfield>
            <marc:subfield code="b">n</marc:subfield>
            <marc:subfield code="2">rdamedia</marc:subfield>
        </marc:datafield>
        <marc:datafield tag="338" ind1=" " ind2=" ">
            <marc:subfield code="a">volume</marc:subfield>
            <marc:subfield code="b">nc</marc:subfield>
            <marc:subfield code="2">rdacarrier</marc:subfield>
        </marc:datafield>
        <marc:datafield tag="340" ind1=" " ind2=" ">
            <marc:subfield code="g">color</marc:subfield>
        </marc:datafield>
        <marc:datafield tag="340" ind1=" " ind2=" ">
            <marc:subfield code="g">polychrome</marc:subfield>
            <marc:subfield code="2">rdacc</marc:subfield>
        </marc:datafield>
        <marc:datafield tag="340" ind1=" " ind2=" ">
            <marc:subfield code="p">illustration</marc:subfield>
            <marc:subfield code="p">map</marc:subfield>
            <marc:subfield code="2">rdaill</marc:subfield>
        </marc:datafield>
        <marc:datafield tag="520" ind1=" " ind2=" ">
            <marc:subfield code="a">Intended for policymakers, technologists, educators and others, this international collection of 19 short stories delves into AI's cultural impacts with hesitation and wonder. Authors from Brazil, Canada, Chile, China, India, Rwanda, Sri Lanka, the United States, and elsewhere vividly recount the anticipated influences of AI on love, time, justice, identity, language, trust, and knowledge through the power of narrative. Deceptively simple in form, these original stories introduce and legitimate perspectives on AI spanning five continents. Individually and together, they open the reader to a deeper conversation about cultural responsiveness at a time of rapid, often unilateral technological change.</marc:subfield>
        </marc:datafield>
        <marc:datafield tag="500" ind1=" " ind2=" ">
            <marc:subfield code="a">Includes index.</marc:subfield>
        </marc:datafield>
        <marc:datafield tag="505" ind1="0" ind2=" ">
            <marc:subfield code="a">United States of Brazil / Dennys Antonialli -- Watch them / Chinmayi Arun -- Br'er Rabbit and the Mirror Baby / Joanna Bryson -- Face changes / Darren Byler -- The box / Ryan Calo -- In search of robot love / Jeff Cao -- The boy whose light went out / Jack Clark -- What justice / Batya Friedman -- True love? / Sue Glueck -- Lia's AI future 2036 / Sabine Hauert -- A well-meaning robot / Alejandro Hevia -- With the lights out, it's less dangerous / Ian Kerr -- Lost knowledge? Forbidden knowledge? / Tadayoshi Kohno -- Language matters / Lisa Nathan -- Do we have the right metrics? / Joseph Nkurunziza -- Moussas of the savanna / Nnenna Nwakanma -- Bug / Amir Rashidi -- The goddess / Rohan Samarajiva -- Of genies and magic lamps / Jeroen van den Hoven.</marc:subfield>
        </marc:datafield>
        <marc:datafield tag="650" ind1=" " ind2="0">
            <marc:subfield code="a">Artificial intelligence</marc:subfield>
            <marc:subfield code="x">Social aspects</marc:subfield>
            <marc:subfield code="v">Fiction.</marc:subfield>
        </marc:datafield>
        <marc:datafield tag="650" ind1=" " ind2="0">
            <marc:subfield code="a">Flash fiction.</marc:subfield>
        </marc:datafield>
        <marc:datafield tag="650" ind1=" " ind2="0">
            <marc:subfield code="a">Science fiction.</marc:subfield>
        </marc:datafield>
        <marc:datafield tag="650" ind1=" " ind2="6">
            <marc:subfield code="a">Intelligence artificielle</marc:subfield>
            <marc:subfield code="0">(CaQQLa)201-0008626</marc:subfield>
            <marc:subfield code="x">Aspect social</marc:subfield>
            <marc:subfield code="0">(CaQQLa)201-0374080</marc:subfield>
            <marc:subfield code="v">Romans, nouvelles, etc.</marc:subfield>
            <marc:subfield code="0">(CaQQLa)201-0377299</marc:subfield>
        </marc:datafield>
        <marc:datafield tag="650" ind1=" " ind2="7">
            <marc:subfield code="a">Artificial intelligence</marc:subfield>
            <marc:subfield code="x">Social aspects.</marc:subfield>
            <marc:subfield code="2">fast</marc:subfield>
            <marc:subfield code="0">(OCoLC)fst00817279</marc:subfield>
        </marc:datafield>
        <marc:datafield tag="650" ind1=" " ind2="7">
            <marc:subfield code="a">Flash fiction.</marc:subfield>
            <marc:subfield code="2">fast</marc:subfield>
            <marc:subfield code="0">(OCoLC)fst01920534</marc:subfield>
        </marc:datafield>
        <marc:datafield tag="650" ind1=" " ind2="7">
            <marc:subfield code="a">Science fiction.</marc:subfield>
            <marc:subfield code="2">fast</marc:subfield>
            <marc:subfield code="0">(OCoLC)fst01108566</marc:subfield>
        </marc:datafield>
        <marc:datafield tag="655" ind1=" " ind2="7">
            <marc:subfield code="a">Fiction.</marc:subfield>
            <marc:subfield code="2">fast</marc:subfield>
            <marc:subfield code="0">(OCoLC)fst01423787</marc:subfield>
        </marc:datafield>
        <marc:datafield tag="655" ind1=" " ind2="7">
            <marc:subfield code="a">Flash fiction.</marc:subfield>
            <marc:subfield code="2">fast</marc:subfield>
            <marc:subfield code="0">(OCoLC)fst01922440</marc:subfield>
        </marc:datafield>
        <marc:datafield tag="655" ind1=" " ind2="7">
            <marc:subfield code="a">Science fiction.</marc:subfield>
            <marc:subfield code="2">fast</marc:subfield>
            <marc:subfield code="0">(OCoLC)fst01726489</marc:subfield>
        </marc:datafield>
        <marc:datafield tag="655" ind1=" " ind2="7">
            <marc:subfield code="a">Flash fiction.</marc:subfield>
            <marc:subfield code="2">lcgft</marc:subfield>
        </marc:datafield>
        <marc:datafield tag="655" ind1=" " ind2="7">
            <marc:subfield code="a">Science fiction.</marc:subfield>
            <marc:subfield code="2">lcgft</marc:subfield>
        </marc:datafield>
        <marc:datafield tag="655" ind1=" " ind2="7">
            <marc:subfield code="a">Micronouvelles.</marc:subfield>
            <marc:subfield code="2">rvmgf</marc:subfield>
            <marc:subfield code="0">(CaQQLa)RVMGF-000001604</marc:subfield>
        </marc:datafield>
        <marc:datafield tag="700" ind1="1" ind2=" ">
            <marc:subfield code="a">Calo, M. Ryan,</marc:subfield>
            <marc:subfield code="e">editor.</marc:subfield>
        </marc:datafield>
        <marc:datafield tag="700" ind1="1" ind2=" ">
            <marc:subfield code="a">Friedman, Batya,</marc:subfield>
            <marc:subfield code="e">editor.</marc:subfield>
        </marc:datafield>
        <marc:datafield tag="700" ind1="1" ind2=" ">
            <marc:subfield code="a">Kohno, Tadayoshi,</marc:subfield>
            <marc:subfield code="e">editor.</marc:subfield>
        </marc:datafield>
        <marc:datafield tag="700" ind1="1" ind2=" ">
            <marc:subfield code="a">Almeter, Hannah,</marc:subfield>
            <marc:subfield code="e">editor.</marc:subfield>
        </marc:datafield>
        <marc:datafield tag="700" ind1="1" ind2=" ">
            <marc:subfield code="a">Logler, Nick,</marc:subfield>
            <marc:subfield code="e">editor.</marc:subfield>
        </marc:datafield>
        <marc:datafield tag="710" ind1="2" ind2=" ">
            <marc:subfield code="a">University of Washington.</marc:subfield>
            <marc:subfield code="b">Tech Policy Lab,</marc:subfield>
            <marc:subfield code="e">publisher.</marc:subfield>
        </marc:datafield>
        <marc:datafield tag="776" ind1="0" ind2="8">
            <marc:subfield code="i">Online version:</marc:subfield>
            <marc:subfield code="t">Telling stories.</marc:subfield>
            <marc:subfield code="b">First edition.</marc:subfield>
            <marc:subfield code="d">Seattle : University of Washington Tech Policy Lab, [2020]</marc:subfield>
            <marc:subfield code="z">9781736148006</marc:subfield>
            <marc:subfield code="w">(DLC)  2020924819</marc:subfield>
            <marc:subfield code="w">(OCoLC)1256404720</marc:subfield>
        </marc:datafield>
        <marc:datafield tag="856" ind1="4" ind2="1">
            <marc:subfield code="3">Tech Policy Lab</marc:subfield>
            <marc:subfield code="u">http://techpolicylab.uw.edu/telling-stories/</marc:subfield>
        </marc:datafield>
        <marc:datafield tag="856" ind1="4" ind2="1">
            <marc:subfield code="3">Tech Policy Lab - single-page PDF</marc:subfield>
            <marc:subfield code="u">http://techpolicylab.uw.edu/wp-content/uploads/2021/05/TPL_GlobalSummit_R11_Digital_03-30-21_Pages_a11y.pdf</marc:subfield>
        </marc:datafield>
        <marc:datafield tag="856" ind1="4" ind2="1">
            <marc:subfield code="3">Tech Policy Lab - two-page PDF</marc:subfield>
            <marc:subfield code="u">http://techpolicylab.uw.edu/wp-content/uploads/2021/05/TPL_GlobalSummit_R11_Digital_03-30-21_Spreads_a11y.pdf</marc:subfield>
        </marc:datafield>
        <marc:datafield tag="049" ind1=" " ind2=" ">
            <marc:subfield code="a">WAUW</marc:subfield>
        </marc:datafield>
    </marc:record>