
    <marc:record>
        <marc:leader>03047cam a2200565 i 4500</marc:leader>
        <marc:controlfield tag="001">1192544354</marc:controlfield>
        <marc:controlfield tag="006">m     o  d s      </marc:controlfield>
        <marc:controlfield tag="008">200903t20202020wau     obm  s000 0 eng c</marc:controlfield>
        <marc:controlfield tag="005">20220831150100.6</marc:controlfield>
        <marc:controlfield tag="007">cr ||||||||||</marc:controlfield>
        <marc:datafield tag="040" ind1=" " ind2=" ">
            <marc:subfield code="a">WAU</marc:subfield>
            <marc:subfield code="b">eng</marc:subfield>
            <marc:subfield code="e">rda</marc:subfield>
            <marc:subfield code="e">pn</marc:subfield>
            <marc:subfield code="c">WAU</marc:subfield>
            <marc:subfield code="d">WAU</marc:subfield>
            <marc:subfield code="d">OCLCF</marc:subfield>
            <marc:subfield code="d">WAU</marc:subfield>
            <marc:subfield code="d">OCLCO</marc:subfield>
            <marc:subfield code="d">WAU</marc:subfield>
            <marc:subfield code="d">OCLCO</marc:subfield>
            <marc:subfield code="d">WAU</marc:subfield>
            <marc:subfield code="d">OCLCO</marc:subfield>
            <marc:subfield code="d">OCL</marc:subfield>
            <marc:subfield code="d">OCLCO</marc:subfield>
            <marc:subfield code="d">OCLCQ</marc:subfield>
        </marc:datafield>
        <marc:datafield tag="042" ind1=" " ind2=" ">
            <marc:subfield code="a">pcc</marc:subfield>
        </marc:datafield>
        <marc:datafield tag="100" ind1="1" ind2=" ">
            <marc:subfield code="a">Velasquez, Catalina,</marc:subfield>
            <marc:subfield code="d">1988-</marc:subfield>
            <marc:subfield code="e">author.</marc:subfield>
            <marc:subfield code="1">http://www.wikidata.org/entity/Q106762380</marc:subfield>
        </marc:datafield>
        <marc:datafield tag="245" ind1="1" ind2="0">
            <marc:subfield code="a">Western transnormativity and the U.S. asylum process :</marc:subfield>
            <marc:subfield code="b">from gender-nonconforming forced migrant to neoliberal transgender refugee /</marc:subfield>
            <marc:subfield code="c">Catalina Velasquez.</marc:subfield>
        </marc:datafield>
        <marc:datafield tag="264" ind1=" " ind2="1">
            <marc:subfield code="a">[Seattle] :</marc:subfield>
            <marc:subfield code="b">[University of Washington Libraries],</marc:subfield>
            <marc:subfield code="c">[2020]</marc:subfield>
        </marc:datafield>
        <marc:datafield tag="264" ind1=" " ind2="4">
            <marc:subfield code="c">©2020</marc:subfield>
        </marc:datafield>
        <marc:datafield tag="300" ind1=" " ind2=" ">
            <marc:subfield code="a">1 online resource (27 pages)</marc:subfield>
        </marc:datafield>
        <marc:datafield tag="336" ind1=" " ind2=" ">
            <marc:subfield code="a">text</marc:subfield>
            <marc:subfield code="b">txt</marc:subfield>
            <marc:subfield code="2">rdacontent</marc:subfield>
        </marc:datafield>
        <marc:datafield tag="337" ind1=" " ind2=" ">
            <marc:subfield code="a">computer</marc:subfield>
            <marc:subfield code="b">c</marc:subfield>
            <marc:subfield code="2">rdamedia</marc:subfield>
        </marc:datafield>
        <marc:datafield tag="338" ind1=" " ind2=" ">
            <marc:subfield code="a">online resource</marc:subfield>
            <marc:subfield code="b">cr</marc:subfield>
            <marc:subfield code="2">rdacarrier</marc:subfield>
        </marc:datafield>
        <marc:datafield tag="347" ind1=" " ind2=" ">
            <marc:subfield code="a">text file</marc:subfield>
            <marc:subfield code="2">rdaft</marc:subfield>
        </marc:datafield>
        <marc:datafield tag="347" ind1=" " ind2=" ">
            <marc:subfield code="b">PDF</marc:subfield>
        </marc:datafield>
        <marc:datafield tag="502" ind1=" " ind2=" ">
            <marc:subfield code="b">M.A.</marc:subfield>
            <marc:subfield code="c">University of Washington</marc:subfield>
            <marc:subfield code="d">2020.</marc:subfield>
        </marc:datafield>
        <marc:datafield tag="504" ind1=" " ind2=" ">
            <marc:subfield code="a">Includes bibliographical references (pages 22-23).</marc:subfield>
        </marc:datafield>
        <marc:datafield tag="520" ind1="3" ind2=" ">
            <marc:subfield code="a">This research exposes the ongoing violence from sustaining Western nation-state apparatuses. By considering U.S. asylum processes at the turn of the 21st century, it provides insights on how contemporary Western nation-state exported models of bureaucratized legalities and accompanying social norms produce and (re)produce transgender migrant subjectivities. To do so, this research employs three decolonial feminist methods: 1) critical rhetorical analysis of legal and media sources, 2) personal experiences and testimonio, and 3) a historically materialistic dialogical analysis. Through these methods, this research demonstrates the violent process of conversion of gender-nonconforming Global South subjects into transgender refugee ones.</marc:subfield>
        </marc:datafield>
        <marc:datafield tag="588" ind1="0" ind2=" ">
            <marc:subfield code="a">Online resource; title from PDF title page (ResearchWorks Archive, viewed September 3, 2020).</marc:subfield>
        </marc:datafield>
        <marc:datafield tag="650" ind1=" " ind2="0">
            <marc:subfield code="a">Political refugees</marc:subfield>
            <marc:subfield code="z">United States.</marc:subfield>
        </marc:datafield>
        <marc:datafield tag="650" ind1=" " ind2="0">
            <marc:subfield code="a">Gender-nonconforming people</marc:subfield>
            <marc:subfield code="z">United States.</marc:subfield>
        </marc:datafield>
        <marc:datafield tag="651" ind1=" " ind2="0">
            <marc:subfield code="a">United States</marc:subfield>
            <marc:subfield code="x">Emigration and immigration</marc:subfield>
            <marc:subfield code="x">Law and legislation.</marc:subfield>
        </marc:datafield>
        <marc:datafield tag="650" ind1=" " ind2="7">
            <marc:subfield code="a">Political refugees.</marc:subfield>
            <marc:subfield code="2">fast</marc:subfield>
            <marc:subfield code="0">(OCoLC)fst01069678</marc:subfield>
        </marc:datafield>
        <marc:datafield tag="650" ind1=" " ind2="7">
            <marc:subfield code="a">Gender-nonconforming people.</marc:subfield>
            <marc:subfield code="2">fast</marc:subfield>
            <marc:subfield code="0">(OCoLC)fst01985432</marc:subfield>
        </marc:datafield>
        <marc:datafield tag="650" ind1=" " ind2="7">
            <marc:subfield code="a">Emigration and immigration law.</marc:subfield>
            <marc:subfield code="2">fast</marc:subfield>
            <marc:subfield code="0">(OCoLC)fst00908736</marc:subfield>
        </marc:datafield>
        <marc:datafield tag="651" ind1=" " ind2="7">
            <marc:subfield code="a">United States.</marc:subfield>
            <marc:subfield code="2">fast</marc:subfield>
            <marc:subfield code="0">(OCoLC)fst01204155</marc:subfield>
        </marc:datafield>
        <marc:datafield tag="653" ind1="0" ind2=" ">
            <marc:subfield code="a">Feminism</marc:subfield>
        </marc:datafield>
        <marc:datafield tag="653" ind1="0" ind2=" ">
            <marc:subfield code="a">Immigration</marc:subfield>
        </marc:datafield>
        <marc:datafield tag="653" ind1="0" ind2=" ">
            <marc:subfield code="a">Neoliberal</marc:subfield>
        </marc:datafield>
        <marc:datafield tag="653" ind1="0" ind2=" ">
            <marc:subfield code="a">Refugee</marc:subfield>
        </marc:datafield>
        <marc:datafield tag="653" ind1="0" ind2=" ">
            <marc:subfield code="a">Testimonio</marc:subfield>
        </marc:datafield>
        <marc:datafield tag="653" ind1="0" ind2=" ">
            <marc:subfield code="a">Transgender</marc:subfield>
        </marc:datafield>
        <marc:datafield tag="653" ind1="0" ind2=" ">
            <marc:subfield code="a">Gender studies</marc:subfield>
        </marc:datafield>
        <marc:datafield tag="653" ind1="0" ind2=" ">
            <marc:subfield code="a">Public policy</marc:subfield>
        </marc:datafield>
        <marc:datafield tag="653" ind1="0" ind2=" ">
            <marc:subfield code="a">LGBTQ studies</marc:subfield>
        </marc:datafield>
        <marc:datafield tag="653" ind1="0" ind2=" ">
            <marc:subfield code="a">Gender, women, and sexuality</marc:subfield>
        </marc:datafield>
        <marc:datafield tag="655" ind1=" " ind2="4">
            <marc:subfield code="a">Theses</marc:subfield>
            <marc:subfield code="x">Gender, women, and sexuality.</marc:subfield>
        </marc:datafield>
        <marc:datafield tag="655" ind1=" " ind2="7">
            <marc:subfield code="a">Academic theses</marc:subfield>
            <marc:subfield code="2">fast</marc:subfield>
            <marc:subfield code="0">(OCoLC)fst01726453</marc:subfield>
        </marc:datafield>
        <marc:datafield tag="655" ind1=" " ind2="7">
            <marc:subfield code="a">Academic theses.</marc:subfield>
            <marc:subfield code="2">lcgft</marc:subfield>
        </marc:datafield>
        <marc:datafield tag="655" ind1=" " ind2="7">
            <marc:subfield code="a">Thèses et écrits académiques.</marc:subfield>
            <marc:subfield code="2">rvmgf</marc:subfield>
            <marc:subfield code="0">(CaQQLa)RVMGF-000001173</marc:subfield>
        </marc:datafield>
        <marc:datafield tag="700" ind1="1" ind2=" ">
            <marc:subfield code="a">Keating, Christine,</marc:subfield>
            <marc:subfield code="e">degree supervisor.</marc:subfield>
            <marc:subfield code="1">http://www.wikidata.org/entity/Q105282300</marc:subfield>
        </marc:datafield>
        <marc:datafield tag="856" ind1="4" ind2="0">
            <marc:subfield code="u">http://hdl.handle.net/1773/45708</marc:subfield>
        </marc:datafield>
        <marc:datafield tag="049" ind1=" " ind2=" ">
            <marc:subfield code="a">WAUW</marc:subfield>
        </marc:datafield>
    </marc:record>